@article{Serinaldi2017,
    title = {{A Blueprint for Full Collective Flood Risk Estimation: Demonstration for European River Flooding}},
    year = {2017},
    journal = {Risk Analysis},
    author = {Serinaldi, Francesco and Kilsby, Chris G.},
    isbn = {0272-4332},
    doi = {10.1111/risa.12747},
    issn = {15396924},
    keywords = {Collective flood risk, European rivers, dynamic copula space-time modeling}
}

@article{Rauthe2013,
    title = {{A Central European precipitation climatology - Part I: Generation and validation of a high-resolution gridded daily data set (HYRAS)}},
    year = {2013},
    journal = {Meteorologische Zeitschrift},
    author = {Rauthe, Monika and Steiner, Heiko and Riediger, Ulf and Mazurkiewicz, Alex and Gratzki, Annegret},
    pages = {235--256},
    volume = {22},
    doi = {10.1127/0941-2948/2013/0436},
    issn = {09412948},
    keywords = {Climate, Daily interpolation, KLIWAS, Precipitation measurement}
}

@article{Smith2006,
    title = {{A climate of conflict, the links between climate change, peace and war}},
    year = {2006},
    journal = {Earth and Environmental Science},
    author = {Smith, Dan and Vivekananda, Janani},
    pages = {271--287},
    volume = {6},
    isbn = {9781898702900},
    doi = {10.1038/426748a},
    issn = {1476-4687},
    pmid = {14685187}
}

@article{Gosling2011,
    title = {{A comparative analysis of projected impacts of climate change on river runoff from global and catchment-scale hydrological models}},
    year = {2011},
    journal = {Hydrology and Earth System Sciences},
    author = {Gosling, S. N. and Taylor, R. G. and Arnell, N. W. and Todd, M. C.},
    isbn = {1027-5606},
    doi = {10.5194/hess-15-279-2011},
    issn = {10275606}
}

@article{Durman2001,
    title = {{A comparison of extreme European daily precipitation simulated by a global and a regional model for present and future climates}},
    year = {2001},
    journal = {Quarterly Journal of the Royal Meteorological Society},
    author = {Durman, C. F. and Gregory, J. M. and Hassell, D. C. and Jones, R. G. and Murphy, J. M.},
    isbn = {1477-870X},
    doi = {10.1256/smsqj.57315},
    issn = {00359009},
    keywords = {Climate change, Extreme daily precipitation, General circulation model, Regional climate model}
}

@misc{Tiedtke1989,
    title = {{A Comprehensive Mass Flux Scheme for Cumulus Parameterization in Large-Scale Models}},
    year = {1989},
    booktitle = {Monthly Weather Review},
    author = {Tiedtke, M.},
    pages = {1779--1800},
    volume = {117},
    isbn = {0027-0644},
    doi = {10.1175/1520-0493(1989)117<1779:ACMFSF>2.0.CO;2},
    issn = {0027-0644}
}

@article{mitchell2004comsethiggrimoncliEurgloobsrec19016sce200,
    title = {{A comprehensive set of high-resolution grids of monthly climate for Europe and the globe: the observed record (1901--2000) and 16 scenarios (2001--2100)}},
    year = {2004},
    journal = {Tyndall Centre for Climate Change Research Working Paper},
    author = {Mitchell, Timothy D and Carter, Timothy R and Jones, Philip D and Hulme, Mike and New, Mark and {others}},
    number = {0},
    pages = {25},
    volume = {55},
    url = {http://www.tyndall.ac.uk/sites/default/files/wp55.pdf}
}

@techreport{Grell1994,
    title = {{A description of the fifth-generation Penn State/NCAR Mesoscale Model (MM5}},
    year = {1994},
    author = {Grell, Georg a and Dudhia, J. and Stauffer, D.},
    number = {December},
    pages = {121},
    isbn = {TN-398+STR},
    doi = {10.5065/D60Z716B},
    keywords = {Mesoscale and Microscale Meteorology Division, NCAR/TN-398+STR}
}

@article{haylock2008Eurdaihiggridatsetsurtempre195,
    title = {{A European daily high-resolution gridded data set of surface temperature and precipitation for 1950--2006}},
    year = {2008},
    journal = {Journal of Geophysical Research: Atmospheres (1984--2012)},
    author = {Haylock, M R and Hofstra, N and Klein Tank, A M G and Klok, E J and Jones, Philip D and New, Mark},
    number = {D20},
    volume = {113},
    publisher = {Wiley Online Library},
    url = {http://onlinelibrary.wiley.com/doi/10.1029/2008JD010201/full}
}

@article{Winsemius2013,
    title = {{A framework for global river flood risk assessments}},
    year = {2013},
    journal = {Hydrology and Earth System Sciences},
    author = {Winsemius, H. C. and Van Beek, L. P. H. and Jongman, B. and Ward, P. J. and Bouwman, A.},
    isbn = {1027-5606},
    doi = {10.5194/hess-17-1871-2013},
    issn = {1607-7938}
}

@misc{Holtslag1990,
    title = {{A High Resolution Air Mass Transformation Model for Short-Range Weather Forecasting}},
    year = {1990},
    booktitle = {Monthly Weather Review},
    author = {Holtslag, A. A. M. and De Bruijn, E. I. F. and Pan, H-L.},
    pages = {1561--1575},
    volume = {118},
    doi = {10.1175/1520-0493(1990)118<1561:AHRAMT>2.0.CO;2},
    issn = {0027-0644}
}

@article{sotillo2005hig44-atmhinMedBascontoregimpglorea,
    title = {{A high-resolution 44-year atmospheric hindcast for the Mediterranean Basin: contribution to the regional improvement of global reanalysis}},
    year = {2005},
    journal = {Climate Dynamics},
    author = {Sotillo, M G and Ratsimandresy, A W and Carretero, J C and Bentamy, Abderrahim and Valero, F and Gonz{\'{a}}lez-Rouco, F},
    number = {2-3},
    pages = {219--236},
    volume = {25},
    publisher = {Springer},
    url = {http://link.springer.com/article/10.1007/s00382-005-0030-7; http://archimer.ifremer.fr/doc/2005/publication-3804.pdf}
}

@article{Salathe2008,
    title = {{A High-Resolution Climate Model for the U.S. Pacific Northwest: Mesoscale Feedbacks and Local Responses to Climate Change*}},
    year = {2008},
    journal = {Journal of Climate},
    author = {Salath{\'{e}}, Eric P. and Steed, Richard and Mass, Clifford F. and Zahn, Patrick H.},
    number = {21},
    month = {11},
    pages = {5708--5726},
    volume = {21},
    url = {http://journals.ametsoc.org/doi/abs/10.1175/2008JCLI2090.1},
    isbn = {0894-8755},
    doi = {10.1175/2008JCLI2090.1},
    issn = {0894-8755}
}

@article{new2002higdatsetsurclioveglolanare,
    title = {{A high-resolution data set of surface climate over global land areas}},
    year = {2002},
    journal = {Climate research},
    author = {New, Mark and Lister, David and Hulme, Mike and Makin, Ian},
    number = {1},
    pages = {1--25},
    volume = {21},
    publisher = {INTER-RESEARCH NORDBUNTE 23, D-21385 OLDENDORF LUHE, GERMANY},
    url = {http://www.rengy.org/uploadfile/file/中文版/资源/文献/2002/A high-resolution data set of surface climate over global land areas .pdf}
}

@article{Sampson2015,
    title = {{A high-resolution global flood hazard model}},
    year = {2015},
    journal = {Water Resources Research},
    author = {Sampson, Christopher C. and Smith, Andrew M. and Bates, Paul B. and Neal, Jeffrey C. and Alfieri, Lorenzo and Freer, Jim E.},
    isbn = {1944-7973},
    doi = {10.1002/2015WR016954},
    issn = {19447973},
    pmid = {1000287943},
    arxivId = {10.1002/2014WR016527},
    keywords = {flooding, global, hydraulic, large-scale modeling}
}

@article{Wang2003,
    title = {{A highly resolved regional climate model (IPRC-RegCM) and its simulation of the 1998 severe precipitation event over China. Part I: Model description and verification of simulation}},
    year = {2003},
    journal = {Journal of Climate},
    author = {Wang, Yuqing and Sen, Omer L. and Wang, Bin},
    pages = {1721--1738},
    volume = {16},
    isbn = {0894-8755},
    doi = {10.1175/1520-0442(2003)016<1721:AHRRCM>2.0.CO;2},
    issn = {08948755}
}

@article{Wilson1997,
    title = {{A New Metric for Grey-Scale Image Comparison}},
    year = {1997},
    journal = {International Journal of Computer Vision},
    author = {Wilson, Dale L and Baddeley, Adrian J and Owens, Robyn a},
    number = {1},
    pages = {5--17},
    volume = {24},
    isbn = {0920-5691},
    doi = {Doi 10.1023/A:1007978107063},
    issn = {09205691},
    keywords = {error measures, grey-scale image comparison, hausdorff metric, image distortion, metrics, myopic topology, root-mean-squared error, sobolev norm, visual perception}
}

@misc{McCaa2004,
    title = {{A New Parameterization for Shallow Cumulus Convection and Its Application to Marine Subtropical Cloud-Topped Boundary Layers. Part II: Regional Simulations of Marine Boundary Layer Clouds}},
    year = {2004},
    booktitle = {Monthly Weather Review},
    author = {McCaa, James R. and Bretherton, Christopher S.},
    pages = {883--896},
    volume = {132},
    doi = {10.1175/1520-0493(2004)132<0883:ANPFSC>2.0.CO;2},
    issn = {0027-0644}
}

@article{Kienzle2008,
    title = {{A new temperature based method to separate rain and snow}},
    year = {2008},
    journal = {Hydrological Processes},
    author = {Kienzle, Stefan W.},
    pages = {5067--5085},
    volume = {22},
    isbn = {1099-1085},
    doi = {10.1002/hyp.7131},
    issn = {08856087},
    keywords = {Mean annual snowfall, Model intercomparison analysis, Precipitation separation, Rain, Sensitivity analysis, Snow}
}

@article{Frei1998,
    title = {{A precipitation climatology of the Alps from high-resolution rain-gauge observations}},
    year = {1998},
    journal = {International Journal of Climatology},
    author = {Frei, Christoph and Sch{\"{a}}r, Christoph},
    pages = {873--900},
    volume = {18},
    isbn = {0899-8418},
    doi = {10.1002/(SICI)1097-0088(19980630)18:8<873::AID-JOC255>3.0.CO;2-9},
    issn = {08998418}
}

@article{Apel2006,
    title = {{A probabilistic modelling system for assessing flood risks}},
    year = {2006},
    journal = {Natural Hazards},
    author = {Apel, Heiko and Thieken, Annegret H. and Merz, Bruno and Bl{\"{o}}schl, Günter},
    isbn = {0921-030X},
    doi = {10.1007/s11069-005-8603-7},
    issn = {0921030X},
    keywords = {Flood damage estimation, Flood risk, Levee failure, Probabilistic model}
}

@article{Zeng2005,
    title = {{A prognostic scheme of sea surface skin temperature for modeling and data assimilation}},
    year = {2005},
    journal = {Geophysical Research Letters},
    author = {Zeng, Xubin and Beljaars, Anton},
    pages = {1--4},
    volume = {32},
    doi = {10.1029/2005GL023030},
    issn = {00948276}
}

@article{dickinson1989regional,
    title = {{A regional climate model for the western United States}},
    year = {1989},
    journal = {Climatic Change},
    author = {Dickinson, Robert E and Errico, Ronald M and Giorgi, Filippo and Bates, Gary T},
    number = {3},
    pages = {383--422},
    volume = {15},
    publisher = {Springer}
}

@article{Mawdsley2009,
    title = {{A review of climate-change adaptation strategies for wildlife management and biodiversity conservation.}},
    year = {2009},
    journal = {Conservation biology : the journal of the Society for Conservation Biology},
    author = {Mawdsley, Jonathan R and O'Malley, Robin and Ojima, Dennis S},
    pages = {1080--1089},
    volume = {23},
    isbn = {0888-8892},
    doi = {10.1111/j.1523-1739.2009.01264.x},
    issn = {1523-1739},
    pmid = {19549219}
}

@misc{Inatsu2009,
    title = {{A Scale Interaction Study on East Asian Cyclogenesis Using a General Circulation Model Coupled with an Interactively Nested Regional Model}},
    year = {2009},
    booktitle = {Monthly Weather Review},
    author = {Inatsu, Masaru and Kimoto, Masahide},
    pages = {2851--2868},
    volume = {137},
    doi = {10.1175/2009MWR2825.1},
    issn = {0027-0644}
}

@misc{Giorgi1999,
    title = {{A seasonal cycle simulation over eastern Asia and its sensitivity to radiative transfer and surface processes}},
    year = {1999},
    booktitle = {Journal of Geophysical Research},
    author = {Giorgi, Filippo and Huang, Yan and Nishizawa, Keiichi and Fu, Congbin},
    number = {1998},
    pages = {6403},
    volume = {104},
    doi = {10.1029/1998JD200052},
    issn = {0148-0227}
}

@article{christensen2007sumPRUmodprochaEurclibyendthicen,
    title = {{A summary of the PRUDENCE model projections of changes in European climate by the end of this century}},
    year = {2007},
    journal = {Climatic Change},
    author = {Christensen, Jens Hesselbjerg and Christensen, Ole Bøssing},
    number = {1},
    pages = {7--30},
    volume = {81},
    publisher = {Springer},
    url = {http://link.springer.com/article/10.1007/s10584-006-9210-7; http://climdat.boku.ac.at/opendap/hyrax/ccwaters/Documentations/Christensen_2007.pdf}
}

@article{Jakob2010,
    title = {{Accelerating Progress in Global Atmospheric Model Development through Improved Parameterizations: Challenges, Opportunities, and Strategies}},
    year = {2010},
    journal = {Bulletin of the American Meteorological Society},
    author = {Jakob, Christian},
    number = {7},
    month = {7},
    pages = {869--875},
    volume = {91},
    url = {http://journals.ametsoc.org/doi/abs/10.1175/2009BAMS2898.1},
    isbn = {i1520-0477-91-7-869},
    doi = {10.1175/2009BAMS2898.1},
    issn = {0003-0007}
}

@misc{Arnell2006,
    title = {{Adapting to climate change: Public water supply in England and Wales}},
    year = {2006},
    booktitle = {Climatic Change},
    author = {Arnell, Nigel W. and Delaney, E. Kate},
    number = {2-4},
    month = {3},
    pages = {227--255},
    volume = {78},
    url = {http://link.springer.com/10.1007/s10584-006-9067-9},
    isbn = {0165-0009},
    doi = {10.1007/s10584-006-9067-9},
    issn = {01650009}
}

@article{Wilby2012,
    title = {{Adapting to flood risk under climate change}},
    year = {2012},
    journal = {Progress in Physical Geography},
    author = {Wilby, R. L. and Keenan, R.},
    isbn = {0309-1333},
    doi = {10.1177/0309133312438908},
    issn = {0309-1333},
    keywords = {adaptation, climate change, flood, natural hazards, risk, victoria, vulnerability}
}

@article{Torma2015,
    title = {{Added value of regional climate modeling over areas characterized by complex terrain}},
    year = {2015},
    journal = {Geophysical Research-atmospheres},
    author = {Torma, Csaba and Giorgi, Filippo and Coppola, Erika},
    volume = {in press}
}

@article{Giorgi2009,
    title = {{Addressing climate information needs at the regional level: the CORDEX framework}},
    year = {2009},
    journal = {{\ldots} Organization (WMO) Bulletin},
    author = {Giorgi, Filippo and Jones, Colin and Asrar, GR},
    number = {July},
    pages = {175--183},
    volume = {58},
    url = {http://wcrp.ipsl.jussieu.fr/cordex/documents/CORDEX_giorgi_WMO.pdf}
}

@article{adam2003Adjglogripresysbia,
    title = {{Adjustment of global gridded precipitation for systematic bias}},
    year = {2003},
    journal = {Journal of Geophysical Research: Atmospheres (1984--2012)},
    author = {Adam, Jennifer C and Lettenmaier, Dennis P},
    number = {D9},
    volume = {108},
    publisher = {Wiley Online Library},
    url = {http://onlinelibrary.wiley.com/doi/10.1029/2002JD002499/full}
}

@article{Alfieri2014,
    title = {{Advances in pan-European flood hazard mapping}},
    year = {2014},
    journal = {Hydrological Processes},
    author = {Alfieri, Lorenzo and Salamon, Peter and Bianchi, Alessandra and Neal, Jeffrey and Bates, Paul and Feyen, Luc},
    isbn = {0885-6087},
    doi = {10.1002/hyp.9947},
    issn = {10991085},
    keywords = {Design hydrographs, Flood hazard mapping, Floodplain hydraulic simulations, Lisflood hydrological model}
}

@article{Solmon2006,
    title = {{Aerosol modelling for regional climate studies: Application to anthropogenic particles and evaluation over a European/African domain}},
    year = {2006},
    journal = {Tellus, Series B: Chemical and Physical Meteorology},
    author = {Solmon, F. and Giorgi, F. and Liousse, C.},
    pages = {51--72},
    volume = {58},
    doi = {10.1111/j.1600-0889.2005.00155.x},
    issn = {02806509},
    pmid = {8896365}
}

@article{Steger2013,
    title = {{Alpine snow cover in a changing climate: a regional climate model perspective}},
    year = {2012},
    journal = {Climate Dynamics},
    author = {Steger, Christian and Kotlarski, Sven and Jonas, Tobias and Sch{\"{a}}r, Christoph},
    number = {3-4},
    month = {10},
    pages = {735--754},
    volume = {41},
    url = {http://link.springer.com/10.1007/s00382-012-1545-3},
    isbn = {0930-7575},
    doi = {10.1007/s00382-012-1545-3},
    issn = {0930-7575},
    keywords = {Climate change, ENSEMBLES, European Alps, Regional climate projections, Snow cover duration, Snow water equivalent}
}

@article{Artale2010,
    title = {{An atmosphere-ocean regional climate model for the Mediterranean area: Assessment of a present climate simulation}},
    year = {2010},
    journal = {Climate Dynamics},
    author = {Artale, Vincenzo and Calmanti, Sandro and Carillo, Adriana and Dell'Aquila, Alessandro and Herrmann, Marine and Pisacane, Giovanna and Ruti, Paolo M. and Sannino, Gianmaria and Struglia, Maria Vittoria and Giorgi, Filippo and Bi, Xunqiang and Pal, Jeremy S. and Rauscher, Sara},
    number = {fax 4264},
    pages = {721--740},
    volume = {35},
    doi = {10.1007/s00382-009-0691-8},
    issn = {09307575},
    keywords = {Air-sea interaction, Mediterranean, Regional climate model}
}

@article{Taylor2007,
    title = {{An Overview of CMIP5 and the Experiment Design}},
    year = {2012},
    journal = {Bulletin of the American Meteorological Society},
    author = {Taylor, Karl E and Stouffer, Ronald J and Meehl, Gerald a},
    number = {4},
    month = {4},
    pages = {485--498},
    volume = {93},
    url = {http://cmip-pcmdi.llnl.gov/cmip5/docs/Taylor_CMIP5_design.pdf http://journals.ametsoc.org/doi/abs/10.1175/BAMS-D-11-00094.1},
    isbn = {9085043549},
    doi = {10.1175/BAMS-D-11-00094.1},
    issn = {0003-0007}
}

@article{Taylor2012,
    title = {{An Overview of CMIP5 and the Experiment Design}},
    year = {2012},
    journal = {Bulletin of the American Meteorological Society},
    author = {Taylor, Karl E. and Stouffer, Ronald J. and Meehl, Gerald A.},
    number = {4},
    month = {4},
    pages = {485--498},
    volume = {93},
    url = {http://journals.ametsoc.org/doi/abs/10.1175/BAMS-D-11-00094.1 http://cmip-pcmdi.llnl.gov/cmip5/docs/Taylor_CMIP5_design.pdf},
    isbn = {9085043549},
    doi = {10.1175/BAMS-D-11-00094.1},
    issn = {0003-0007}
}

@article{Quintana-Segui2008,
    title = {{Analysis of near-surface atmospheric variables: Validation of the SAFRAN analysis over France}},
    year = {2008},
    journal = {Journal of Applied Meteorology and Climatology},
    author = {Quintana-Segu{\'{i}}, Pere and Le Moigne, P. and Durand, Y. and Martin, E. and Habets, F. and Baillon, M. and Canellas, C. and Franchisteguy, L. and Morel, S.},
    pages = {92--107},
    volume = {47},
    isbn = {10.1175/2007JAMC1636.1},
    doi = {10.1175/2007JAMC1636.1},
    issn = {15588424}
}

@article{Halmstad2013,
    title = {{Analysis of precipitation extremes with the assessment of regional climate models over the Willamette River Basin, USA}},
    year = {2013},
    journal = {Hydrological Processes},
    author = {Halmstad, Andrew and Najafi, Mohammad Reza and Moradkhani, Hamid},
    pages = {2579--2590},
    volume = {27},
    doi = {10.1002/hyp.9376},
    issn = {08856087},
    keywords = {Bias correction, Climate change, Dynamic downscaling, NARCCAP, Precipitation extreme}
}

@techreport{Guha-sapir2011,
    title = {{Annual Disaster Statistical Review 2010: The numbers and trends}},
    year = {2011},
    booktitle = {Review Literature And Arts Of The Americas},
    author = {Guha-sapir, Debarati and Hoyois, Philippe and Below, Regina},
    isbn = {1572-3097{\textbackslash}r1573-692X},
    doi = {10.1093/rof/rfs003},
    issn = {0306-7734},
    pmid = {93}
}

@techreport{IPCCb,
    title = {{AR5 Technical Summary: mitigation of climate change}},
    year = {2014},
    author = {{IPCC WG3}}
}

@article{Chen2008,
    title = {{Assessing objective techniques for gauge-based analyses of global daily precipitation}},
    year = {2008},
    journal = {Journal of Geophysical Research: Atmospheres},
    author = {Chen, Mingyue and Shi, Wei and Xie, Pingping and Silva, Viviane B S and Kousky, Vernon E. and Higgins, R. Wayne and Janowiak, John E.},
    volume = {113},
    isbn = {0148-0227},
    doi = {10.1029/2007JD009132},
    issn = {01480227}
}

@article{Rojas2012,
    title = {{Assessment of future flood hazard in Europe using a large ensemble of bias-corrected regional climate simulations}},
    year = {2012},
    journal = {Journal of Geophysical Research Atmospheres},
    author = {Rojas, R. and Feyen, L. and Bianchi, A. and Dosio, A.},
    isbn = {0148-0227},
    doi = {10.1029/2012JD017461},
    issn = {01480227}
}

@article{Smiatek2007,
    title = {{Assessment of High Resolution Climate Change Data for Hydrological Impact Studies}},
    year = {2007},
    author = {Smiatek, G and Knoche, R and Marx, A and Kunstmann, H}
}

@article{Winterfeldt2009,
    title = {{Assessment of Value Added for Surface Marine Wind Speed Obtained from Two Regional Climate Models}},
    year = {2009},
    journal = {Monthly Weather Review},
    author = {Winterfeldt, Jörg and Weisse, Ralf},
    number = {9},
    month = {9},
    pages = {2955--2965},
    volume = {137},
    url = {http://journals.ametsoc.org/doi/abs/10.1175/2009MWR2704.1},
    doi = {10.1175/2009MWR2704.1},
    issn = {0027-0644}
}

@incollection{Showman2013,
    title = {{Atmospheric Circulation of Terrestrial Exoplanets}},
    year = {2013},
    booktitle = {Comparative Climatology of Terrestrial Planets},
    author = {Showman, Adam P. and Wordsworth, Robin D. and Merlis, Timothy M. and Kaspi, Yohai},
    pages = {277--326},
    url = {http://arxiv.org/abs/1306.2418},
    isbn = {9780816530595},
    doi = {10.2458/azu},
    arxivId = {1306.2418}
}

@article{Heng2014,
    title = {{Atmospheric Dynamics of Exoplanets}},
    year = {2014},
    journal = {arXiv preprint arXiv:1407.4150},
    author = {Heng, Kevin and Showman, AP},
    pages = {1--16},
    url = {http://arxiv.org/abs/1407.4150},
    arxivId = {arXiv:1407.4150v1}
}

@article{Berg2012,
    title = {{Bias correction of high resolution regional climate model data}},
    year = {2012},
    journal = {Journal of Hydrology},
    author = {Berg, P. and Feldmann, H. and Panitz, H.-J.},
    month = {7},
    pages = {80--92},
    volume = {448-449},
    url = {http://linkinghub.elsevier.com/retrieve/pii/S0022169412003010},
    doi = {10.1016/j.jhydrol.2012.04.026},
    issn = {00221694}
}

@article{dosio2011BiacorENShigclichaprousebyimpmodEvaprecli,
    title = {{Bias correction of the ENSEMBLES high-resolution climate change projections for use by impact models: Evaluation on the present climate}},
    year = {2011},
    journal = {Journal of Geophysical Research: Atmospheres (1984--2012)},
    author = {Dosio, A and Paruolo, P},
    number = {D16},
    volume = {116},
    publisher = {Wiley Online Library},
    url = {http://onlinelibrary.wiley.com/doi/10.1029/2011JD015934/full}
}

@article{Dickinson1993,
    title = {{Biosphere atmosphere transfer scheme (BATS) version 1e as coupled for Community Climate Model}},
    year = {1993},
    journal = {NCAR Tech. Note NCAR/TN-378+SR},
    author = {Dickinson, R E and Henderson-Sellers, a and Kennedy, P J and Wilson, M F},
    number = {August},
    pages = {77},
    isbn = {NCAR Technical Note, NCAR/TN-387 + STR}
}

@techreport{Dickinson1986,
    title = {{Biosphere-atmosphere transfer scheme (BATS) for the NCAR Community Climate Model}},
    year = {1986},
    booktitle = {Journal of Climate},
    author = {Dickinson, R.E. and Henderson-Sellers, A. and Kennedy, P.J. and Wilson, M.F.},
    pages = {72},
    isbn = {NCAR Technical Note, NCAR/TN-387 + STR},
    doi = {10.5065/D67W6959},
    keywords = {Atmospheric Analysis and Prediction Division, NCAR/TN-275+STR}
}

@article{Raisanen2012,
    title = {{Can model weighting improve probabilistic projections of climate change?}},
    year = {2011},
    journal = {Climate Dynamics},
    author = {R{\"{a}}is{\"{a}}nen, Jouni and Ylh{\"{a}}isi, Jussi S.},
    number = {7-8},
    month = {10},
    pages = {1981--1998},
    volume = {39},
    url = {http://link.springer.com/10.1007/s00382-011-1217-8},
    isbn = {0038201112178},
    doi = {10.1007/s00382-011-1217-8},
    issn = {0930-7575},
    keywords = {CMIP3, Climate change, Climate projection, Cross-validation, Probability, Temperature change, Weighting}
}

@article{Friedlingstein2010,
    title = {{Carbon–climate feedbacks: a review of model and observation based estimates}},
    year = {2010},
    journal = {Current Opinion in Environmental Sustainability},
    author = {Friedlingstein, P. and Prentice, IC},
    number = {4},
    month = {10},
    pages = {251--257},
    volume = {2},
    url = {http://linkinghub.elsevier.com/retrieve/pii/S1877343510000473},
    isbn = {1877-3435},
    doi = {10.1016/j.cosust.2010.06.002},
    issn = {18773435}
}

@article{Piccarreta2013,
    title = {{Changes in daily precipitation extremes in the Mediterranean from 1951 to 2010: The Basilicata region, southern Italy}},
    year = {2013},
    journal = {International Journal of Climatology},
    author = {Piccarreta, M. and Pasini, A. and Capolongo, D. and Lazzari, M.},
    doi = {10.1002/joc.3670},
    issn = {10970088},
    keywords = {Annual and seasonal trend analysis, Basilicata, Multi-day precipitation events, Precipitation extremes, Southern Italy}
}

@article{Piccarreta2013a,
    title = {{Changes in daily precipitation extremes in the Mediterranean from 1951 to 2010: The Basilicata region, southern Italy}},
    year = {2013},
    journal = {International Journal of Climatology},
    author = {Piccarreta, M. and Pasini, A. and Capolongo, D. and Lazzari, M.},
    doi = {10.1002/joc.3670},
    issn = {10970088},
    keywords = {Annual and seasonal trend analysis, Basilicata, Multi-day precipitation events, Precipitation extremes, Southern Italy}
}

@article{Brunetti2004,
    title = {{Changes in daily precipitation frequency and distribution in Italy over the last 120 years}},
    year = {2004},
    journal = {Journal of Geophysical Research},
    author = {Brunetti, Michele},
    isbn = {2156-2202},
    doi = {10.1029/2003JD004296},
    issn = {0148-0227}
}

@misc{Giorgi2014a,
    title = {{Changes in extremes and hydroclimatic regimes in the CREMA ensemble projections}},
    year = {2014},
    booktitle = {Climatic Change},
    author = {Giorgi, Filippo and Coppola, Erika and Raffaele, Francesca and Diro, Gulilat Tefera and Fuentes-Franco, Ramon and Giuliani, Graziano and Mamgain, Ashu and Llopart, Marta Pereira and Mariotti, Laura and Torma, Csaba},
    pages = {39--51},
    doi = {10.1007/s10584-014-1117-0},
    issn = {01650009}
}

@article{Kharin2013,
    title = {{Changes in temperature and precipitation extremes in the CMIP5 ensemble}},
    year = {2013},
    journal = {Climatic Change},
    author = {Kharin, V. V. and Zwiers, F. W. and Zhang, X. and Wehner, M.},
    pages = {345--357},
    volume = {119},
    isbn = {0165-0009},
    doi = {10.1007/s10584-013-0705-8},
    issn = {01650009}
}

@article{Brunetti2001,
    title = {{Changes in total precipitation, rainy days and extreme events in Northeastern Italy}},
    year = {2001},
    journal = {International Journal of Climatology},
    author = {Brunetti, Michele and Maugeri, Maurizio and Nanni, Teresa},
    isbn = {1097-0088},
    doi = {10.1002/joc.660},
    issn = {08998418},
    keywords = {Daily precipitation, Extreme events, Italy, Precipitation intensity, Return period, Trend analysis}
}

@article{Brunetti2001a,
    title = {{Changes in total precipitation, rainy days and extreme events in Northeastern Italy}},
    year = {2001},
    journal = {International Journal of Climatology},
    author = {Brunetti, Michele and Maugeri, Maurizio and Nanni, Teresa},
    isbn = {1097-0088},
    doi = {10.1002/joc.660},
    issn = {08998418},
    keywords = {Daily precipitation, Extreme events, Italy, Precipitation intensity, Return period, Trend analysis}
}

@article{coppola2014ChahydconPobasundglowar,
    title = {{Changing hydrological conditions in the Po basin under global warming}},
    year = {2014},
    journal = {Science of the Total Environment},
    author = {Coppola, Erika and Verdecchia, Marco and Giorgi, Filippo and Colaiuda, Valentina and Tomassetti, Barbara and Lombardi, Annalina},
    publisher = {Elsevier},
    url = {http://www.sciencedirect.com/science/article/pii/S0048969714003271}
}

@article{coppola2014ChahydconPobasundglowarb,
    title = {{Changing hydrological conditions in the Po basin under global warming.}},
    year = {2014},
    journal = {The Science of the total environment},
    author = {Coppola, Erika and Verdecchia, Marco and Giorgi, Filippo and Colaiuda, Valentina and Tomassetti, Barbara and Lombardi, Annalina},
    month = {9},
    pages = {1183--96},
    volume = {493},
    publisher = {Elsevier},
    url = {http://www.sciencedirect.com/science/article/pii/S0048969714003271 http://www.ncbi.nlm.nih.gov/pubmed/24656403},
    doi = {10.1016/j.scitotenv.2014.03.003},
    issn = {1879-1026},
    pmid = {24656403},
    keywords = {CHyM model, Climate change, Hydrological ensemble, Hydrological simulation, Po river}
}

@article{Barker2007,
    title = {{Climate Change 2007 : An Assessment of the Intergovernmental Panel on Climate Change}},
    year = {2007},
    journal = {Change},
    author = {Barker, Terry},
    isbn = {9291691224},
    doi = {10.1256/004316502320517344},
    issn = {10035494},
    pmid = {17429376},
    arxivId = {1109.1006v1}
}

@techreport{IPCC2013,
    title = {{Climate Change 2013: The Physical Science Basis. Contribution of Working Group I to the Fifth Assessment Report of the Intergovernmental Panel on Climate Change}},
    year = {2013},
    author = {{IPCC WG1}},
    pages = {1535},
    url = {http://inis.iaea.org/search/search.aspx?orig_q=RN:45042273},
    institution = {Cambridge University Press, Cambridge, United Kingdom and New York, NY, USA},
    isbn = {9781107661820}
}

@article{Aalst2014,
    title = {{Climate Change 2014: Impacts, Adaptation, and Vulnerability}},
    year = {2014},
    journal = {Assessment Report 5},
    author = {{IPCC}},
    isbn = {9781107641655},
    doi = {10.1017/CBO9781107415379},
    pmid = {336761687}
}

@book{IPCC2014b,
    title = {{Climate Change 2014: Mitigation of Climate Change}},
    year = {2014},
    booktitle = {Working Group III Contribution to the Fifth Assessment Report of the Intergovernmental Panel on Climate Change},
    author = {{IPCC}},
    isbn = {9781107654815},
    doi = {10.1017/CBO9781107415416},
    issn = {17583004},
    pmid = {17429376},
    arxivId = {arXiv:1011.1669v3}
}

@book{IPCC2014d,
    title = {{Climate Change 2014: Mitigation of Climate Change. Summary for Policymakers and Technical Summary}},
    year = {2014},
    booktitle = {Climate Change 2014: Mitigation of Climate Change. Part of the Working Group III Contribution to the Fifth Assessment Report of the Intergovernmental Panel on Climate Change.},
    author = {{IPCC}},
    isbn = {9781107415416},
    doi = {10.1017/CBO9781107415416.005},
    issn = {1476-4687},
    pmid = {17429376},
    arxivId = {arXiv:1011.1669v3}
}

@techreport{IPCC2014c,
    title = {{Climate Change 2014: Synthesis Report}},
    year = {2014},
    booktitle = {Contribution of Working Groups I, II and III to the Fifth Assessment Report of the Intergovernmental Panel on Climate Change. In: Core Writing Team, Pachauri RK, Meyer LA (eds) IPCC, Geneva, Switzerland, 151 p.},
    author = {{IPCC}},
    isbn = {9789291691432},
    doi = {10.1017/CBO9781107415324},
    issn = {1476-4687},
    pmid = {17429376},
    arxivId = {arXiv:1011.1669v3}
}

@techreport{IPCCd,
    title = {{CLIMATE CHANGE AND BIODIVERSITY IPCC Technical Paper V}},
    year = {2014},
    author = {{IPCC WG2}}
}

@article{calanca2007ClichadrooccAlpregHowsevarebecext,
    title = {{Climate change and drought occurrence in the Alpine region: How severe are becoming the extremes?}},
    year = {2007},
    journal = {Global and Planetary Change},
    author = {Calanca, Pierluigi},
    number = {1},
    pages = {151--160},
    volume = {57},
    publisher = {Elsevier},
    url = {http://www.sciencedirect.com/science/article/pii/S0921818106002839}
}

@article{Calanca2007,
    title = {{Climate change and drought occurrence in the Alpine region: How severe are becoming the extremes?}},
    year = {2007},
    journal = {Global and Planetary Change},
    author = {Calanca, Pierluigi},
    number = {1-2},
    month = {5},
    pages = {151--160},
    volume = {57},
    url = {http://linkinghub.elsevier.com/retrieve/pii/S0921818106002839},
    isbn = {0921-8181},
    doi = {10.1016/j.gloplacha.2006.11.001},
    issn = {09218181},
    keywords = {Alpine region, climate change, droughts, extreme events}
}

@article{Berry2010,
    title = {{Climate change and mental health: a causal pathways framework.}},
    year = {2010},
    journal = {International journal of public health},
    author = {Berry, Helen Louise and Bowen, Kathryn and Kjellstrom, Tord},
    number = {2},
    month = {4},
    pages = {123--32},
    volume = {55},
    url = {http://www.ncbi.nlm.nih.gov/pubmed/20033251},
    isbn = {1661-8556},
    doi = {10.1007/s00038-009-0112-0},
    issn = {1661-8564},
    pmid = {20033251},
    keywords = {Adaptation, Climate Change, Humans, Mental Disorders, Mental Disorders: etiology, Mental Health, Psychological, Public Health}
}

@article{Rojas2013,
    title = {{Climate change and river floods in the European Union: Socio-economic consequences and the costs and benefits of adaptation}},
    year = {2013},
    journal = {Global Environmental Change},
    author = {Rojas, Rodrigo and Feyen, Luc and Watkiss, Paul},
    isbn = {0959-3780},
    doi = {10.1016/j.gloenvcha.2013.08.006},
    issn = {09593780},
    keywords = {Avoided damages, Climate change, EU Flood Directive, Flood damage assessment, Flood mitigation, Flood risk}
}

@techreport{IPCC2008,
    title = {{CLIMATE CHANGE AND WATER IPCC Technical Paper VI}},
    year = {2008},
    author = {{IPCC WG2}},
    isbn = {9789291691234}
}

@article{giorgi2006Clichahot,
    title = {{Climate change hot-spots}},
    year = {2006},
    journal = {Geophysical Research Letters},
    author = {Giorgi, Filippo},
    number = {8},
    pages = {L08707},
    volume = {33},
    publisher = {Wiley Online Library},
    url = {http://onlinelibrary.wiley.com/doi/10.1029/2006GL025734/full http://doi.wiley.com/10.1029/2006GL025734},
    doi = {10.1029/2006GL025734},
    issn = {0094-8276}
}

@article{Senoner2012,
    title = {{Climate change impact on the water supply of the city of Vienna}},
    year = {2012},
    journal = {EGU General Assembly {\ldots}},
    author = {Senoner, T and Nachtnebel, HP},
    pages = {8682},
    volume = {14},
    url = {http://adsabs.harvard.edu/abs/2012EGUGA..14.8682S}
}

@inproceedings{zsolttorma2013ClichaprooveMEDdommulphyensReg3sim,
    title = {{Climate change projections over the MED-CORDEX domain from a multiple physics ensemble of RegCM4. 3 simulations}},
    year = {2013},
    booktitle = {EGU General Assembly Conference Abstracts},
    author = {Torma, C and Giorgi, Filippo and Coppola, Erika and G{\"{u}}ttler, Ivan},
    pages = {8845},
    volume = {15}
}

@inproceedings{torma2013,
    title = {{Climate change projections over the MED-CORDEX domain from a multiple physics ensemble of RegCM4. 3 simulations}},
    year = {2013},
    booktitle = {EGU General Assembly Conference Abstracts},
    author = {Torma, Csaba Zsolt and Giorgi, Filippo and Coppola, Erika and G{\"{u}}ttler, Ivan},
    pages = {8845},
    volume = {15}
}

@misc{Courchamp2014,
    title = {{Climate change, sea-level rise, and conservation: Keeping island biodiversity afloat}},
    year = {2014},
    booktitle = {Trends in Ecology and Evolution},
    author = {Courchamp, Franck and Hoffmann, Benjamin D. and Russell, James C. and Leclerc, Camille and Bellard, Céline},
    pages = {127--130},
    volume = {29},
    doi = {10.1016/j.tree.2014.01.001},
    issn = {01695347},
    pmid = {24486005},
    keywords = {Climate change, Climatic niche shift, Island conservation, Prioritization, Sea-level rise}
}

@article{Sillmann2013a,
    title = {{Climate extremes indices in the CMIP5 multimodel ensemble: Part 1. Model evaluation in the present climate}},
    year = {2013},
    journal = {Journal of Geophysical Research: Atmospheres},
    author = {Sillmann, J. and Kharin, V. V. and Zhang, X. and Zwiers, F. W. and Bronaugh, D.},
    pages = {1716--1733},
    volume = {118},
    isbn = {2169-8996},
    doi = {10.1002/jgrd.50203},
    issn = {21698996},
    keywords = {climate model evaluation, extreme events, observations, precipitation, reanalysis, temperature}
}

@article{Sillmann2013b,
    title = {{Climate extremes indices in the CMIP5 multimodel ensemble: Part 2. Future climate projections}},
    year = {2013},
    journal = {Journal of Geophysical Research: Atmospheres},
    author = {Sillmann, J. and Kharin, V. V. and Zwiers, F. W. and Zhang, X. and Bronaugh, D.},
    pages = {2473--2493},
    volume = {118},
    isbn = {2169-8996},
    doi = {10.1002/jgrd.50188},
    issn = {21698996}
}

@article{Easterling2000,
    title = {{Climate Extremes: Observations, Modeling, and Impacts}},
    year = {2000},
    journal = {Science},
    author = {Easterling, D. R.},
    number = {5487},
    month = {9},
    pages = {2068--2074},
    volume = {289},
    url = {http://www.sciencemag.org/cgi/doi/10.1126/science.289.5487.2068},
    doi = {10.1126/science.289.5487.2068},
    issn = {00368075}
}

@article{Joshi2003,
    title = {{Climate model studies of synchronously rotating planets.}},
    year = {2003},
    journal = {Astrobiology},
    author = {Joshi, Manoj},
    pages = {415--427},
    volume = {3},
    isbn = {1531-1074 (Print)},
    doi = {10.1089/153110703769016488},
    issn = {1531-1074},
    pmid = {14577888}
}

@article{Tanaka2006,
    title = {{Climate Warming and Water Management Adaptation for California}},
    year = {2006},
    journal = {Climatic Change},
    author = {Tanaka, Stacy K. and Zhu, Tingju and Lund, Jay R. and Howitt, Richard E. and Jenkins, Marion W. and Pulido, Manuel A. and Tauber, Mélanie and Ritzema, Randall S. and Ferreira, Inês C.},
    number = {3-4},
    month = {6},
    pages = {361--387},
    volume = {76},
    url = {http://link.springer.com/10.1007/s10584-006-9079-5},
    isbn = {1058400690795},
    doi = {10.1007/s10584-006-9079-5},
    issn = {0165-0009}
}

@article{Golaz2013,
    title = {{Cloud tuning in a coupled climate model: Impact on 20th century warming}},
    year = {2013},
    journal = {Geophysical Research Letters},
    author = {Golaz, Jean-Christophe and Horowitz, Larry W. and Levy, Hiram},
    number = {10},
    month = {5},
    pages = {2246--2251},
    volume = {40},
    url = {http://doi.wiley.com/10.1002/grl.50232},
    doi = {10.1002/grl.50232},
    issn = {00948276},
    keywords = {20th century warming, climate modeling, clouds, indirect effects}
}

@article{Sillmann2013,
    title = {{CMIP5 Climate Model Analyses: Climate Extremes in the United States}},
    year = {2013},
    journal = {Journal of Geophysical Research: Atmospheres},
    author = {Sillmann, J and Kharin, V V and Zhang, X and Zwiers, F W and Bronaugh, D},
    pages = {1716--1733},
    volume = {118},
    url = {http://dx.doi.org/10.1002/jgrd.50203},
    doi = {10.1002/jgrd.50203},
    issn = {2169-8996},
    keywords = {0550 Model verification and validation, 1610 Atmosphere, 1626 Global climate models, 3354 Precipitation, 4313 Extreme events, climate model evaluation, extreme events, observations, precipitation, reanalysis, temperature}
}

@article{Jongman2012a,
    title = {{Comparative flood damage model assessment: Towards a European approach}},
    year = {2012},
    journal = {Natural Hazards and Earth System Science},
    author = {Jongman, B. and Kreibich, H. and Apel, H. and Barredo, J. I. and Bates, P. D. and Feyen, L. and Gericke, A. and Neal, J. and Aerts, J. C.J.H. and Ward, P. J.},
    isbn = {1561-8633},
    doi = {10.5194/nhess-12-3733-2012},
    issn = {15618633}
}

@article{Egli2009,
    title = {{Comparison of different automatic methods for estimating snow water equivalent}},
    year = {2009},
    journal = {Cold Regions Science and Technology},
    author = {Egli, L. and Jonas, T. and Meister, R.},
    number = {2-3},
    month = {7},
    pages = {107--115},
    volume = {57},
    url = {http://linkinghub.elsevier.com/retrieve/pii/S0165232X09000378},
    doi = {10.1016/j.coldregions.2009.02.008},
    issn = {0165232X},
    keywords = {Automatic measurement, Avalanche risk management, Comparison test, Snow hydrology, Snow water equivalent}
}

@article{Busuioc2006,
    title = {{Comparison of regional climate model and statistical downscaling simulations of different winter precipitation change scenarios over Romania}},
    year = {2006},
    journal = {Theoretical and Applied Climatology},
    author = {Busuioc, A. and Giorgi, F. and Bi, X. and Ionita, M.},
    pages = {101--123},
    volume = {86},
    isbn = {0177-798X},
    doi = {10.1007/s00704-005-0210-8},
    issn = {0177798X}
}

@article{Kay2009,
    title = {{Comparison of uncertainty sources for climate change impacts: Flood frequency in England}},
    year = {2009},
    journal = {Climatic Change},
    author = {Kay, A. L. and Davies, H. N. and Bell, V. A. and Jones, R. G.},
    isbn = {1058400894},
    doi = {10.1007/s10584-008-9471-4},
    issn = {01650009}
}

@article{Pal2004,
    title = {{Consistency of recent European summer precipitation trends and extremes with future regional climate projections}},
    year = {2004},
    journal = {Geophysical Research Letters},
    author = {Pal, Jeremy S. and Giorgi, Filippo and Bi, Xunqiang},
    isbn = {0094-8276},
    doi = {10.1029/2004GL019836},
    issn = {00948276}
}

@article{Fischer2010,
    title = {{Consistent geographical patterns of changes in high-impact European heatwaves}},
    year = {2010},
    journal = {Nature Geoscience},
    author = {Fischer, E. M. and Sch{\"{a}}r, C.},
    number = {6},
    month = {5},
    pages = {398--403},
    volume = {3},
    url = {http://www.nature.com/doifinder/10.1038/ngeo866},
    isbn = {1752-0894},
    doi = {10.1038/ngeo866},
    issn = {1752-0894}
}

@misc{Allen2002,
    title = {{Constraints on future changes in climate and the hydrologic cycle}},
    year = {2002},
    booktitle = {Nature},
    author = {Allen, Myles R. and Ingram, William J.},
    isbn = {00280836 (ISSN)},
    doi = {10.1038/nature01092},
    issn = {00280836},
    pmid = {12226677}
}

@article{Hoegh-Guldberg2007,
    title = {{Coral reefs under rapid climate change and ocean acidification.}},
    year = {2007},
    journal = {Science (New York, N.Y.)},
    author = {Hoegh-Guldberg, O and Mumby, P J and Hooten, A J and Steneck, R S and Greenfield, P and Gomez, E and Harvell, C D and Sale, P F and Edwards, A J and Caldeira, K and Knowlton, N and Eakin, C M and Iglesias-Prieto, R and Muthiga, N and Bradbury, R H and Dubi, A and Hatziolos, M E},
    pages = {1737--1742},
    volume = {318},
    isbn = {1095-9203 (Electronic){\textbackslash}r0036-8075 (Linking)},
    doi = {10.1126/science.1152509},
    issn = {1095-9203},
    pmid = {18079392}
}

@article{Bartholmes2005,
    title = {{Coupling meteorological and hydrological models for flood forecasting}},
    year = {2005},
    journal = {Hydrology and Earth System Sciences Discussions},
    author = {Bartholmes, Jens and Todini, Ezio},
    isbn = {1027-5606},
    doi = {10.5194/hess-9-333-2005},
    issn = {16077938},
    keywords = {coupling, flood forecasting, hydrological model, numerical weather prediction, quantitative precipitation forecast, rainfall-runoff}
}

@article{Tubiello2007,
    title = {{Crop and pasture response to climate change.}},
    year = {2007},
    journal = {Proceedings of the National Academy of Sciences of the United States of America},
    author = {Tubiello, Francesco N and Soussana, Jean-François and Howden, S Mark},
    pages = {19686--19690},
    volume = {104},
    isbn = {0027-8424},
    doi = {10.1073/pnas.0701728104},
    issn = {1091-6490},
    pmid = {18077401}
}

@article{Yang1996,
    title = {{Description of the Biosphere-Atmosphere Transfer Scheme (BATS) for the soil moisture workshop and evaluation of its performance}},
    year = {1996},
    journal = {Global and Planetary Change},
    author = {Yang, Zong Liang and Dickinson, Robert E.},
    pages = {117--134},
    volume = {13},
    isbn = {0921-8181},
    doi = {10.1016/0921-8181(95)00041-0},
    issn = {09218181}
}

@article{Kiehl1996,
    title = {{Description of the NCAR Community Climate Model (CCM3)}},
    year = {1996},
    journal = {NCAR Technical Note NCAR/TN-420+STR},
    author = {Kiehl, J.T. and Hack, J.J. and Bonan, G.B. and Boville, B.A. and Briegleb, B.P. and Williamson, D.L. and Rasch, P.J.},
    isbn = {NCAR/TN-420+STR},
    doi = {DOI: 10.5065/D6FF3Q99}
}

@article{Anthes1987,
    title = {{Description of the Penn State/NCAR Mesoscale Model: Version 4 (MM4)}},
    year = {1987},
    author = {Anthes, Richard and Hsie, Eirh-Yu and Kuo, Ying-Hwa},
    number = {May},
    pages = {66},
    url = {https://opensky.library.ucar.edu/collections/TECH-NOTE-000-000-000-534},
    doi = {10.5065/D64B2Z90},
    keywords = {Acid Deposition Modeling Project, Atmospheric Analysis and Prediction Division, NCAR/TN-282+STR, National Oceanic and Atmospheric Administration (U}
}

@article{Herrera2012,
    title = {{Development and analysis of a 50-year high-resolution daily gridded precipitation dataset over Spain (Spain02)}},
    year = {2012},
    journal = {International Journal of Climatology},
    author = {Herrera, S. and Guti{\'{e}}rrez, J. M. and Ancell, R. and Pons, M. R. and Fr{\'{i}}as, M. D. and Fern{\'{a}}ndez, J.},
    number = {1},
    pages = {74--85},
    volume = {32},
    doi = {10.1002/joc.2256},
    issn = {08998418},
    keywords = {Daily precipitation, Gridded dataset, Kriging, Spain}
}

@article{Emanuel1999,
    title = {{Development and Evaluation of a Convection Scheme for Use in Climate Models}},
    year = {1999},
    journal = {Journal of the Atmospheric Sciences},
    author = {Emanuel, Kerry A. and {\v{Z}}ivkovi{\'{c}}-Rothman, Marina},
    number = {11},
    pages = {1766},
    volume = {56},
    url = {http://journals.ametsoc.org/doi/pdf/10.1175/1520-0469%281999%29056%3C1766%3ADAEOAC%3E2.0.CO%3B2},
    doi = {1520-0469(1999)056<1766:DAEOAC>2.0.CO;2}
}

@misc{Collins2011,
    title = {{Development and evaluation of an Earth-system model – HadGEM2}},
    year = {2011},
    booktitle = {Geoscientific Model Development Discussions},
    author = {Collins, W. J. and Bellouin, N. and Doutriaux-Boucher, M. and Gedney, N. and Halloran, P. and Hinton, T. and Hughes, J. and Jones, C. D. and Joshi, M. and Liddicoat, S. and Martin, G. and O'Connor, F. and Rae, J. and Senior, C. and Sitch, S. and Totterdell, I. and Wiltshire, A. and Woodward, S.},
    pages = {997--1062},
    volume = {4},
    isbn = {1991-962X},
    doi = {10.5194/gmdd-4-997-2011},
    issn = {19919603}
}

@article{Zakey2006,
    title = {{Development and testing of a desert dust module in a regional climate model}},
    year = {2006},
    journal = {Atmospheric Chemistry and Physics},
    author = {Zakey, A S and Solmon, F and Giorgi, F},
    pages = {4687--4704},
    volume = {6},
    url = {http://www.copernicus.org/EGU/acp/acpd/6/1749/acpd-6-1749.pdf}
}

@article{Giorgi1993,
    title = {{Development of a Second-Generation Regional Climate Model (RegCM2). Part I: Boundary-Layer and Radiative Transfer Processes}},
    year = {1993},
    journal = {Monthly Weather Review},
    author = {Giorgi, Filippo and Marinucci, Maria Rosaria and Bates, Gary T.},
    number = {10},
    month = {10},
    pages = {2794--2813},
    volume = {121},
    url = {http://journals.ametsoc.org/doi/abs/10.1175/1520-0493%281993%29121%3C2794%3ADOASGR%3E2.0.CO%3B2},
    doi = {10.1175/1520-0493(1993)121<2794:DOASGR>2.0.CO;2},
    issn = {0027-0644},
    arxivId = {http://dx.doi.org/10.1175/1520-0493(1993)121<2794:DOASGR>2.0.CO;22}
}

@misc{EUFD2007,
    title = {{DIRECTIVE 2007/60/EC OF THE EUROPEAN PARLIAMENT AND OF THE COUNCIL: on the assessment and management of flood risks}},
    year = {2007},
    author = {{European Union Floods Directive}}
}

@misc{Kjeldsen2014,
    title = {{Documentary evidence of past floods in Europe and their utility in flood frequency estimation}},
    year = {2014},
    booktitle = {Journal of Hydrology},
    author = {Kjeldsen, T. R. and Macdonald, N. and Lang, M. and Mediero, L. and Albuquerque, T. and Bogdanowicz, E. and Bra´zdil, R. and Castellarin, A. and David, V. and Fleig, A. and Gu¨l, G. O. and Kriauciuniene, J. and Kohnova´, S. and Merz, B. and Nicholson, O. and Roald, L. A. and Salinas, J. L. and Sarauskiene, D. and Sˇraj, M. and Strupczewski, W. and Szolgay, J. and Toumazis, A. and Vanneuville, W. and Veijalainen, N. and Wilson, D.},
    doi = {10.1016/j.jhydrol.2014.06.038},
    issn = {00221694},
    keywords = {Europe, Flood frequency estimation, Historical events}
}

@article{Chan2012,
    title = {{Does increasing resolution improve the simulation of United Kingdom daily precipitation in a regional climate model?}},
    year = {2012},
    journal = {Climate Dynamics},
    author = {Chan, S. C. and Kendon, E. J. and Fowler, H. J. and Blenkinsop, S. and Ferro, C. A. T. and Stephenson, D. B.},
    doi = {10.1007/s00382- 012-1568-9}
}

@article{Otte2009,
    title = {{Does nudging squelch the extremes in Regional Climate Modeling?}},
    year = {2009},
    journal = {Journal of Climate},
    author = {Otte, T. L. and Nolte, C. G. and Otte, M. J. and Bowden, J. H.},
    pages = {7046--7066},
    volume = {25}
}

@article{Schmidli2006,
    title = {{Downscaling from GCM precipitation: a benchmark for dynamical and statistical downscaling methods}},
    year = {2006},
    journal = {International Journal of Climatology},
    author = {Schmidli, Jürg and Frei, Christoph and Vidale, Pier Luigi},
    number = {5},
    month = {4},
    pages = {679--689},
    volume = {26},
    url = {http://doi.wiley.com/10.1002/joc.1287},
    doi = {10.1002/joc.1287},
    issn = {0899-8418},
    keywords = {european alps, precipitation statistics, reanalysis, regional climate model, statistical downscaling}
}

@article{schmidli2006DowGCMprebendynstadowmet,
    title = {{Downscaling from GCM precipitation: a benchmark for dynamical and statistical downscaling methods}},
    year = {2006},
    journal = {International Journal of Climatology},
    author = {Schmidli, Jürg and Frei, Christoph and Vidale, Pier Luigi},
    number = {5},
    month = {4},
    pages = {679--689},
    volume = {26},
    publisher = {Wiley Online Library},
    url = {http://onlinelibrary.wiley.com/doi/10.1002/joc.1287/full; http://onlinelibrary.wiley.com/doi/10.1002/joc.1287/pdf http://doi.wiley.com/10.1002/joc.1287},
    doi = {10.1002/joc.1287},
    issn = {0899-8418},
    keywords = {european alps, precipitation statistics, reanalysis, regional climate model, statistical downscaling}
}

@article{Brunetti2002,
    title = {{Droughts and extreme events in regional daily Italian precipitation series}},
    year = {2002},
    journal = {International Journal of Climatology},
    author = {Brunetti, Michele and Maugeri, Maurizio and Nanni, Teresa and Navarra, Antonio},
    isbn = {0899-8418},
    doi = {10.1002/joc.751},
    issn = {08998418},
    keywords = {Daily precipitation series, Droughts, Extreme events, Italy, Regionalization}
}

@article{Brunetti2002a,
    title = {{Droughts and extreme events in regional daily Italian precipitation series}},
    year = {2002},
    journal = {International Journal of Climatology},
    author = {Brunetti, Michele and Maugeri, Maurizio and Nanni, Teresa and Navarra, Antonio},
    isbn = {0899-8418},
    doi = {10.1002/joc.751},
    issn = {08998418},
    keywords = {Daily precipitation series, Droughts, Extreme events, Italy, Regionalization}
}

@article{Biermann2010,
    title = {{Earth system governance: A research framework}},
    year = {2010},
    journal = {International Environmental Agreements: Politics, Law and Economics},
    author = {Biermann, Frank and Betsill, Michele M. and Gupta, Joyeeta and Kanie, Norichika and Lebel, Louis and Liverman, Diana and Schroeder, Heike and Siebenh{\"{u}}ner, Bernd and Zondervan, Ruben},
    pages = {277--298},
    volume = {10},
    isbn = {1567-9764},
    doi = {10.1007/s10784-010-9137-3},
    issn = {15679764},
    pmid = {491},
    keywords = {Accountability, Adaptiveness, Agency, Allocation and access, Architecture, Earth system analysis, Earth system governance, Global governance}
}

@article{Flato2011,
    title = {{Earth system models: an overview}},
    year = {2011},
    journal = {Wiley Interdisciplinary Reviews: Climate Change},
    author = {Flato, Gregory M.},
    number = {6},
    month = {11},
    pages = {783--800},
    volume = {2},
    url = {http://doi.wiley.com/10.1002/wcc.148},
    isbn = {1757-7799},
    doi = {10.1002/wcc.148},
    issn = {17577780}
}

@article{giorgi2003EffsubtoplanuseschsimsurclihydParI:Efftemwatvapdis,
    title = {{Effects of a subgrid-scale topography and land use scheme on the simulation of surface climate and hydrology. Part I: Effects of temperature and water vapor disaggregation}},
    year = {2003},
    journal = {Journal of Hydrometeorology},
    author = {Giorgi, Filippo and Francisco, Raquel and Pal, Jeremy},
    number = {2},
    pages = {317--333},
    volume = {4},
    url = {http://journals.ametsoc.org/doi/abs/10.1175/1525-7541(2003)4<317:EOASTA>2.0.CO;2}
}

@article{Paprotny2017,
    title = {{Efficient pan-European river flood hazard modelling through a combination of statistical and physical models}},
    year = {2017},
    journal = {Natural Hazards and Earth System Sciences},
    author = {Paprotny, Dominik and Morales-N{\'{a}}poles, Oswaldo and Jonkman, Sebastiaan N.},
    doi = {10.5194/nhess-17-1267-2017},
    issn = {16849981}
}

@article{Fatichi2013,
    title = {{Elevational dependence of climate change impacts on water resources in an Alpine catchment}},
    year = {2013},
    journal = {Hydrology and Earth System Sciences Discussions},
    author = {Fatichi, S. and Rimkus, S. and Burlando, P. and Bordoy, R. and Molnar, P.},
    number = {3},
    month = {3},
    pages = {3743--3794},
    volume = {10},
    url = {http://www.hydrol-earth-syst-sci-discuss.net/10/3743/2013/},
    doi = {10.5194/hessd-10-3743-2013},
    issn = {1812-2116}
}

@article{Alfieri2015,
    title = {{Ensemble flood risk assessment in Europe under high end climate scenarios}},
    year = {2015},
    journal = {Global Environmental Change},
    author = {Alfieri, Lorenzo and Feyen, Luc and Dottori, Francesco and Bianchi, Alessandra},
    isbn = {09593780},
    doi = {10.1016/j.gloenvcha.2015.09.004},
    issn = {09593780},
    keywords = {EURO-CORDEX climate projections, Flood risk, Potential flood damage, RCP 8.5, Shared socioeconomic pathways (SSP)}
}

@techreport{VanderLinden2009,
    title = {{ENSEMBLES: Climate Change and its Impacts: Summary of research and results from the ENSEMBLES project}},
    year = {2009},
    booktitle = {Mediterranean {\ldots}},
    author = {Van der Linden, P. and Mitchell, J.F.B. F B},
    pages = {160},
    volume = {160},
    url = {http://ensembles-eu.metoffice.com/docs/Ensembles_final_report_Nov09.pdf\nhttp://onlinelibrary.wiley.com/doi/10.1002/9781119941156.ch9/summary},
    institution = {Met Office Hadley Center},
    address = {Exeter, UK},
    isbn = {2003505539}
}

@article{Suklitsch2011,
    title = {{Error characteristics of high resolution regional climate models over the Alpine area}},
    year = {2011},
    journal = {Climate Dynamics},
    author = {Suklitsch, Martin and Gobiet, Andreas and Truhetz, Heimo and Awan, Nauman Khurshid and G{\"{o}}ttel, Holger and Jacob, Daniela},
    pages = {377--390},
    volume = {37},
    isbn = {0930-7575},
    doi = {10.1007/s00382-010-0848-5},
    issn = {09307575},
    keywords = {European Alps, High resolution, Multimodel evaluation, Regional climate model}
}

@article{Madani2010,
    title = {{Estimated impacts of climate warming on California’s high-elevation hydropower}},
    year = {2009},
    journal = {Climatic Change},
    author = {Madani, Kaveh and Lund, Jay R.},
    number = {3-4},
    month = {11},
    pages = {521--538},
    volume = {102},
    url = {http://link.springer.com/10.1007/s10584-009-9750-8},
    isbn = {0165-0009{\textbackslash}r1573-1480},
    doi = {10.1007/s10584-009-9750-8},
    issn = {0165-0009},
    pmid = {13810243}
}

@article{Lehner2006,
    title = {{Estimating the impact of global change on flood and drought risks in Europe: A continental, integrated analysis}},
    year = {2006},
    journal = {Climatic Change},
    author = {Lehner, Bernhard and D{\"{o}}ll, Petra and Alcamo, Joseph and Henrichs, Thomas and Kaspar, Frank},
    isbn = {0165-0009},
    doi = {10.1007/s10584-006-6338-4},
    issn = {01650009}
}

@article{Jonas2009,
    title = {{Estimating the snow water equivalent from snow depth measurements in the Swiss Alps}},
    year = {2009},
    journal = {Journal of Hydrology},
    author = {Jonas, T. and Marty, C. and Magnusson, J.},
    pages = {161--167},
    volume = {378},
    doi = {10.1016/j.jhydrol.2009.09.021},
    issn = {00221694},
    keywords = {Mountain water resources, Seasonal snow, Snow hydrology, Spatiotemporal variability, Switzerland}
}

@article{Jacob2014,
    title = {{EURO-CORDEX: New high-resolution climate change projections for European impact research}},
    year = {2014},
    journal = {Regional Environmental Change},
    author = {Jacob, Daniela and Petersen, Juliane and Eggert, Bastian and Alias, Antoinette and Christensen, Ole Bøssing and Bouwer, Laurens M. and Braun, Alain and Colette, Augustin and D{\'{e}}qu{\'{e}}, Michel and Georgievski, Goran and Georgopoulou, Elena and Gobiet, Andreas and Menut, Laurent and Nikulin, Grigory and Haensler, Andreas and Hempelmann, Nils and Jones, Colin and Keuler, Klaus and Kovats, Sari and Kr{\"{o}}ner, Nico and Kotlarski, Sven and Kriegsmann, Arne and Martin, Eric and van Meijgaard, Erik and Moseley, Christopher and Pfeifer, Susanne and Preuschmann, Swantje and Radermacher, Christine and Radtke, Kai and Rechid, Diana and Rounsevell, Mark and Samuelsson, Patrick and Somot, Samuel and Soussana, Jean Francois and Teichmann, Claas and Valentini, Riccardo and Vautard, Robert and Weber, Björn and Yiou, Pascal},
    pages = {563--578},
    volume = {14},
    doi = {10.1007/s10113-013-0499-2},
    issn = {1436378X},
    keywords = {Dry spells, EURO-CORDEX, Heat wave, Heavy precipitation, Impact indices, Regional climate change}
}

@misc{Mitchell2003,
    title = {{European river floods in a changing world}},
    year = {2003},
    booktitle = {Risk Analysis},
    author = {Mitchell, James K.},
    isbn = {0272-4332},
    doi = {10.1111/1539-6924.00337},
    issn = {02724332},
    pmid = {12836849},
    keywords = {Context, Europe, Flood policy, Risk, Urbanization, Vulnerability}
}

@article{Prato2009,
    title = {{Evaluating and managing wildlife impacts of climate change under uncertainty}},
    year = {2009},
    journal = {Ecological Modelling},
    author = {Prato, Tony},
    pages = {923--930},
    volume = {220},
    isbn = {0304-3800},
    doi = {10.1016/j.ecolmodel.2009.01.010},
    issn = {03043800},
    keywords = {Climate change, Evaluation, Management, Uncertainty, Wildlife impacts}
}

@article{Suzuki2013,
    title = {{Evaluating cloud tuning in a climate model with satellite observations}},
    year = {2013},
    journal = {Geophysical Research Letters},
    author = {Suzuki, Kentaroh and Golaz, Jean-Christophe and Stephens, Graeme L.},
    number = {16},
    month = {8},
    pages = {4464--4468},
    volume = {40},
    url = {http://doi.wiley.com/10.1002/grl.50874},
    doi = {10.1002/grl.50874},
    issn = {00948276},
    keywords = {aerosol indirect effect, cloud microphysics, model evaluation}
}

@article{christensen2007EvaperutiregclimodPRUpro,
    title = {{Evaluating the performance and utility of regional climate models: the PRUDENCE project}},
    year = {2007},
    journal = {Climatic Change},
    author = {Christensen, Jens H and Carter, Timothy R and Rummukainen, Markku and Amanatidis, Georgios},
    number = {1},
    pages = {1--6},
    volume = {81},
    publisher = {Springer},
    url = {http://link.springer.com/article/10.1007/s10584-006-9211-6}
}

@article{Zong2011,
    title = {{Evaluation and analysis of RegCM3 simulated summer rainfall over the Huaihe River Basin of China}},
    year = {2011},
    journal = {Acta Meteorologica Sinica},
    author = {Zong, Peishu and Wang, Huijun},
    pages = {386--394},
    volume = {25},
    isbn = {0894-0525},
    doi = {10.1007/s13351-011-0313-3},
    issn = {08940525},
    keywords = {Ensemble simulation castro, Precipitation, Regional climate model, The Huaihe River basin}
}

@article{Sobolowski2012,
    title = {{Evaluation of present and future North American Regional Climate Change Assessment Program (NARCCAP) regional climate simulations over the southeast United States}},
    year = {2012},
    journal = {Journal of Geophysical Research-Atmospheres},
    author = {Sobolowski, S and Pavelsky, T},
    pages = {1101--1101},
    volume = {117},
    url = {<Go to ISI>://CCC:000298929600001},
    doi = {10.1029/2011JD016430},
    issn = {0148-0227}
}

@article{prommel2010EvaskiaddvalrearegsimAlptem,
    title = {{Evaluation of the skill and added value of a reanalysis-driven regional simulation for Alpine temperature}},
    year = {2010},
    journal = {International Journal of Climatology},
    author = {Pr{\"{o}}mmel, Kerstin and Geyer, Beate and Jones, Julie M and Widmann, Martin},
    number = {5},
    pages = {760--773},
    volume = {30},
    publisher = {Wiley Online Library},
    url = {http://onlinelibrary.wiley.com/doi/10.1002/joc.1916/full}
}

@article{Prommel2009,
    title = {{Evaluation of the skill and added value of a reanalysis-driven regional simulation for Alpine temperature}},
    year = {2010},
    journal = {International Journal of Climatology},
    author = {Pr{\"{o}}mmel, Kerstin and Geyer, Beate and Jones, Julie M. and Widmann, Martin},
    number = {April 2009},
    pages = {760--773},
    volume = {30},
    publisher = {Wiley Online Library},
    url = {http://doi.wiley.com/10.1002/joc.1916 http://onlinelibrary.wiley.com/doi/10.1002/joc.1916/full},
    doi = {10.1002/joc.1916},
    issn = {08998418},
    keywords = {Added value, Alps, HISTALP, Regional climate model, Temperature}
}

@article{Walther2013,
    title = {{Evaluation of the warm season diurnal cycle of precipitation over Sweden simulated by the Rossby Centre regional climate model RCA3}},
    year = {2013},
    journal = {Atmospheric Research},
    author = {Walther, Alexander and Jeong, Jee-Hoon and Nikulin, Grigory and Jones, Colin and Chen, Deliang},
    month = {1},
    pages = {131--139},
    volume = {119},
    url = {http://linkinghub.elsevier.com/retrieve/pii/S0169809511003395},
    doi = {10.1016/j.atmosres.2011.10.012},
    issn = {01698095},
    keywords = {Convective precipitation, Precipitation diurnal cycle, Regional climate model, Resolution dependency}
}

@article{Dankers2007,
    title = {{Evaluation of very high-resolution climate model data for simulating flood hazards in the Upper Danube Basin}},
    year = {2007},
    journal = {Journal of Hydrology},
    author = {Dankers, Rutger and Christensen, Ole Bøssing and Feyen, Luc and Kalas, Milan and de Roo, Ad},
    number = {3-4},
    month = {12},
    pages = {319--331},
    volume = {347},
    url = {http://linkinghub.elsevier.com/retrieve/pii/S0022169407005057},
    isbn = {'},
    doi = {10.1016/j.jhydrol.2007.09.055},
    issn = {00221694},
    keywords = {Climate change, Danube, Floods, Precipitation, Regional climate models}
}

@article{Anderegg2010,
    title = {{Expert credibility in climate change.}},
    year = {2010},
    journal = {Proceedings of the National Academy of Sciences of the United States of America},
    author = {Anderegg, William R L and Prall, James W and Harold, Jacob and Schneider, Stephen H},
    number = {27},
    month = {7},
    pages = {12107--9},
    volume = {107},
    url = {http://www.pubmedcentral.nih.gov/articlerender.fcgi?artid=2901439&tool=pmcentrez&rendertype=abstract},
    isbn = {1091-6490 (Electronic){\textbackslash}r0027-8424 (Linking)},
    doi = {10.1073/pnas.1003187107},
    issn = {1091-6490},
    pmid = {20566872},
    keywords = {Climate, Climate Change, Climate Change: statistics {\&} numerical data, Databases, Ecology, Ecology: statistics {\&} numerical data, Ecology: trends, Factual, Forecasting, Greenhouse Effect, Humans, Public Opinion, Research Personnel, Research Personnel: statistics {\&} numerical data}
}

@article{Lenderink2010,
    title = {{Exploring metrics of extreme daily precipitation in a large ensemble of regional climate model simulations}},
    year = {2010},
    journal = {Climate Research},
    author = {Lenderink, Geert},
    pages = {151--166},
    volume = {44},
    doi = {10.3354/cr00946},
    issn = {0936577X},
    keywords = {Extremes, Model performance, Precipitation, Regional climate model}
}

@article{beniston2004Extclievetheevoundchaclicon,
    title = {{Extreme climatic events and their evolution under changing climatic conditions}},
    year = {2004},
    journal = {Global and Planetary Change},
    author = {Beniston, Martin and Stephenson, David B},
    number = {1},
    pages = {1--9},
    volume = {44},
    publisher = {Elsevier},
    url = {http://www.sciencedirect.com/science/article/pii/S0921818104000931; http://www.homogenisation.org/files/private/WG1/Bibliography/Applications/Applications (A-B)/beneston_stephenson_2004.pdf}
}

@article{Attema2014,
    title = {{Extreme precipitation response to climate perturbations in an atmospheric mesoscale model}},
    year = {2014},
    journal = {Environmental Research Letters},
    author = {Attema, Jisk J and Loriaux, Jessica M and Lenderink, Geert},
    pages = {014003},
    volume = {9},
    url = {http://stacks.iop.org/1748-9326/9/i=1/a=014003},
    isbn = {1748-9326},
    doi = {10.1088/1748-9326/9/1/014003},
    issn = {1748-9326},
    keywords = {climate change, convection, extremes, meso scale, non-hydrostatic, precipitation}
}

@techreport{IPCC2014a,
    title = {{FINAL DRAFT IPCC WGII AR5 Chapter 23}},
    year = {2014},
    author = {{IPCC WG2}},
    number = {October 2013},
    pages = {1--93}
}

@techreport{IPCC2014,
    title = {{FINAL DRAFT IPCC WGII AR5 Technical Summary}},
    year = {2014},
    author = {{IPCC WG2}},
    number = {October 2013},
    pages = {1--76}
}

@article{Hirabayashi2009,
    title = {{First estimate of the future global population at risk of flooding}},
    year = {2009},
    journal = {Hydrological Research Letters},
    author = {Hirabayashi, Yukiko and Kanae, Shinjiro},
    isbn = {1882-3416},
    doi = {10.3178/hrl.3.6},
    issn = {1882-3416}
}

@article{Dankers2014,
    title = {{First look at changes in flood hazard in the Inter-Sectoral Impact Model Intercomparison Project ensemble}},
    year = {2014},
    journal = {Proceedings of the National Academy of Sciences},
    author = {Dankers, Rutger and Arnell, Nigel W. and Clark, Douglas B. and Falloon, Pete D. and Fekete, Balázs M. and Gosling, Simon N. and Heinke, Jens and Kim, Hyungjun and Masaki, Yoshimitsu and Satoh, Yusuke and Stacke, Tobias and Wada, Yoshihide and Wisser, Dominik},
    isbn = {1091-6490 (Electronic){\textbackslash}r0027-8424 (Linking)},
    doi = {10.1073/pnas.1302078110},
    issn = {0027-8424},
    pmid = {24344290}
}

@misc{Blazkova2004,
    title = {{Flood frequency estimation by continuous simulation of subcatchment rainfalls and discharges with the aim of improving dam safety assessment in a large basin in the Czech Republic}},
    year = {2004},
    booktitle = {Journal of Hydrology},
    author = {Blazkova, Sarka and Beven, Keith},
    isbn = {0022-1694},
    doi = {10.1016/j.jhydrol.2003.12.025},
    issn = {00221694},
    keywords = {Flood frequency, Fuzzy inference, Generalised likelihood uncertainty estimation, Predictive uncertainty, Snowmelt, TOPMODEL}
}

@article{Dankers2009,
    title = {{Flood hazard in Europe in an ensemble of regional climate scenarios}},
    year = {2009},
    journal = {Journal of Geophysical Research Atmospheres},
    author = {Dankers, Rutger and Feyen, Luc},
    isbn = {0148-0227},
    doi = {10.1029/2008JD011523},
    issn = {01480227}
}

@article{Demir2016,
    title = {{Flood Hazard Mapping by Using Geographic Information System and Hydraulic Model: Mert River, Samsun, Turkey}},
    year = {2016},
    journal = {Advances in Meteorology},
    author = {Demir, Vahdettin and Kisi, Ozgur},
    doi = {10.1155/2016/4891015},
    issn = {16879317}
}

@article{DeMoel2009,
    title = {{Flood maps in Europe - Methods, availability and use}},
    year = {2009},
    journal = {Natural Hazards and Earth System Science},
    author = {De Moel, H. and Van Alphen, J. and Aerts, J. C.J.H.},
    isbn = {1561-8633},
    doi = {10.5194/nhess-9-289-2009},
    issn = {16849981}
}

@article{Kron2005,
    title = {{Flood risk = hazard • values • vulnerability}},
    year = {2005},
    journal = {Water International},
    author = {Kron, Wolfgang},
    isbn = {0250-8060},
    doi = {10.1080/02508060508691837},
    issn = {02508060},
    keywords = {Flood disasters, Flood insurance, Flood preparedness, Flood risk, Flood types}
}

@article{Apel2009,
    title = {{Flood risk analyses - How detailed do we need to be?}},
    year = {2009},
    journal = {Natural Hazards},
    author = {Apel, H. and Aronica, G. T. and Kreibich, H. and Thieken, A. H.},
    isbn = {0921-030X},
    doi = {10.1007/s11069-008-9277-8},
    issn = {0921030X},
    keywords = {Damage estimation, Flood risk, Hydraulic modelling, Model performance, Predictionun certainty}
}

@article{Plate2002,
    title = {{Flood risk and flood management}},
    year = {2002},
    journal = {Journal of Hydrology},
    author = {Plate, Erich J.},
    isbn = {0022-1694},
    doi = {10.1016/S0022-1694(02)00135-X},
    issn = {00221694},
    keywords = {Flood management, Flood risk, c}
}

@article{Apel2004,
    title = {{Flood risk assessment and associated uncertainty}},
    year = {2004},
    journal = {Natural Hazards and Earth System Science},
    author = {Apel, H. and Thieken, A. H. and Merz, B. and Bl{\"{o}}schl, G.},
    isbn = {1561-8633},
    doi = {10.5194/nhess-4-295-2004},
    issn = {1684-9981}
}

@article{Merz2009,
    title = {{Flood risk curves and uncertainty bounds}},
    year = {2009},
    journal = {Natural Hazards},
    author = {Merz, Bruno and Thieken, Annegret H.},
    isbn = {0921-030X},
    doi = {10.1007/s11069-009-9452-6},
    issn = {0921030X},
    keywords = {Damage estimation, Flood frequency analysis, Floods, Risk analysis, Uncertainty}
}

@inproceedings{Barredo2007,
    title = {{Flood risk mapping at European scale}},
    year = {2007},
    booktitle = {Water Science and Technology},
    author = {Barredo, Jose I. and de Roo, A. and Lavalle, C.},
    isbn = {1843395991},
    doi = {10.2166/wst.2007.531},
    issn = {02731223},
    pmid = {17851200},
    keywords = {European scale, Flood risk mapping}
}

@incollection{Merz2007,
    title = {{Flood risk mapping at the local scale: Concepts and challenges}},
    year = {2007},
    booktitle = {Advances in Natural and Technological Hazards Research},
    author = {Merz, B. and Thieken, A. H. and Gocht, M.},
    isbn = {978-1-4020-4200-3},
    doi = {10.1007/978-1-4020-4200-3{\_}13},
    issn = {22136959},
    keywords = {Flood hazard, Flood mapping, Risk, Vulnerability}
}

@article{VanAlphen2009,
    title = {{Flood risk mapping in Europe, experiences and best practices}},
    year = {2009},
    journal = {Journal of Flood Risk Management},
    author = {Van Alphen, J. and Martini, F. and Loat, R. and Slomp, R. and Passchier, R.},
    isbn = {1753-318X},
    doi = {10.1111/j.1753-318X.2009.01045.x},
    issn = {1753318X},
    keywords = {Europe, Flood, Mapping, Risk assessment}
}

@article{Buchele2006,
    title = {{Flood-risk mapping: Contributions towards an enhanced assessment of extreme events and associated risks}},
    year = {2006},
    journal = {Natural Hazards and Earth System Sciences},
    author = {B{\"{u}}chele, B. and Kreibich, H. and Kron, A. and Thieken, A. and Ihringer, J. and Oberle, P. and Merz, B. and Nestmann, F.},
    number = {4},
    pages = {483--503},
    volume = {6},
    isbn = {1561-8633},
    doi = {10.5194/nhess-6-485-2006},
    issn = {15618633}
}

@article{Merz2014,
    title = {{Floods and climate: Emerging perspectives for flood risk assessment and management}},
    year = {2014},
    journal = {Natural Hazards and Earth System Sciences},
    author = {Merz, B. and Aerts, J. and Arnbjerg-Nielsen, K. and Baldi, M. and Becker, A. and Bichet, A. and Bl{\"{o}}schl, G. and Bouwer, L. M. and Brauer, A. and Cioffi, F. and Delgado, J. M. and Gocht, M. and Guzzetti, F. and Harrigan, S. and Hirschboeck, K. and Kilsby, C. and Kron, W. and Kwon, H. H. and Lall, U. and Merz, R. and Nissen, K. and Salvatti, P. and Swierczynski, T. and Ulbrich, U. and Viglione, A. and Ward, P. J. and Weiler, M. and Wilhelm, B. and Nied, M.},
    doi = {10.5194/nhess-14-1921-2014},
    issn = {16849981}
}

@article{Andersen2013,
    title = {{Floods in a changing climate}},
    year = {2013},
    journal = {Geography Compass},
    author = {Andersen, Theresa K. and Marshall Shepherd, J.},
    isbn = {1364-503X},
    doi = {10.1111/gec3.12025},
    issn = {17498198},
    pmid = {12804265}
}

@misc{Whitfield2012,
    title = {{Floods in future climates: A review}},
    year = {2012},
    booktitle = {Journal of Flood Risk Management},
    author = {Whitfield, P. H.},
    isbn = {1753-318X},
    doi = {10.1111/j.1753-318X.2012.01150.x},
    issn = {1753318X},
    keywords = {Climate change, Floods, Land use, Modelling}
}

@article{Feyen2012,
    title = {{Fluvial flood risk in Europe in present and future climates}},
    year = {2012},
    journal = {Climatic Change},
    author = {Feyen, Luc and Dankers, Rutger and B{\'{o}}dis, Katalin and Salamon, Peter and Barredo, José I.},
    isbn = {0148-0227},
    doi = {10.1007/s10584-011-0339-7},
    issn = {01650009}
}

@article{Bonan2008,
    title = {{Forests and climate change: forcings, feedbacks, and the climate benefits of forests.}},
    year = {2008},
    journal = {Science (New York, N.Y.)},
    author = {Bonan, Gordon B},
    number = {5882},
    month = {6},
    pages = {1444--9},
    volume = {320},
    url = {http://www.ncbi.nlm.nih.gov/pubmed/18556546},
    isbn = {0036-8075},
    doi = {10.1126/science.1155121},
    issn = {1095-9203},
    pmid = {18556546},
    keywords = {Agriculture, Atmosphere, Carbon, Climate, Conservation of Natural Resources, Ecosystem, Greenhouse Effect, Research, Temperature, Trees, Tropical Climate}
}

@article{Frei2006,
    title = {{Future change of precipitation extremes in Europe: Intercomparison of scenarios from regional climate models}},
    year = {2006},
    journal = {Journal of Geophysical Research: Atmospheres},
    author = {Frei, Christoph and Sch{\"{o}}ll, Regina and Fukutome, Sophie and Schmidli, Jürg and Vidale, Pier Luigi},
    volume = {111},
    isbn = {0148-0227},
    doi = {10.1029/2005JD005965},
    issn = {01480227},
    arxivId = {D06105}
}

@article{Frei2006a,
    title = {{Future change of precipitation extremes in Europe: Intercomparison of scenarios from regional climate models}},
    year = {2006},
    journal = {Journal of Geophysical Research Atmospheres},
    author = {Frei, Christoph and Sch{\"{o}}ll, Regina and Fukutome, Sophie and Schmidli, Jürg and Vidale, Pier Luigi},
    isbn = {0148-0227},
    doi = {10.1029/2005JD005965},
    issn = {01480227},
    pmid = {20148028},
    arxivId = {D06105}
}

@article{fischer2009,
    title = {{Future changes in daily summer temperature variability: driving processes and role for temperature extremes}},
    year = {2009},
    journal = {Climate Dynamics},
    author = {Fischer, Erich M and Sch{\"{a}}r, Christoph},
    number = {7-8},
    pages = {917--935},
    volume = {33},
    publisher = {Springer},
    url = {http://link.springer.com/article/10.1007/s00382-008-0473-8; http://nldr.library.ucar.edu/repository/assets/osgc/OSGC-000-000-003-165.pdf}
}

@article{Beniston2007,
    title = {{Future extreme events in European climate: An exploration of regional climate model projections}},
    year = {2007},
    journal = {Climatic Change},
    author = {Beniston, Martin and Stephenson, David B. and Christensen, Ole B. and Ferro, Christopher A T and Frei, Christoph and Goyette, Stéphane and Halsnaes, Kirsten and Holt, Tom and Jylh{\"{a}}, Kirsti and Koffi, Brigitte and Palutikof, Jean and Sch{\"{o}}ll, Regina and Semmler, Tido and Woth, Katja},
    isbn = {0165-0009},
    doi = {10.1007/s10584-006-9226-z},
    issn = {01650009},
    pmid = {66}
}

@article{Orlowsky2012,
    title = {{Global changes in extreme events: regional and seasonal dimension}},
    year = {2011},
    journal = {Climatic Change},
    author = {Orlowsky, Boris and Seneviratne, Sonia I.},
    number = {3-4},
    month = {7},
    pages = {669--696},
    volume = {110},
    url = {http://link.springer.com/10.1007/s10584-011-0122-9},
    isbn = {0165-0009},
    doi = {10.1007/s10584-011-0122-9},
    issn = {0165-0009}
}

@article{Zhang2007,
    title = {{Global climate change, war, and population decline in recent human history.}},
    year = {2007},
    journal = {Proceedings of the National Academy of Sciences of the United States of America},
    author = {Zhang, David D and Brecke, Peter and Lee, Harry F and He, Yuan-Qing and Zhang, Jane},
    pages = {19214--19219},
    volume = {104},
    doi = {10.1073/pnas.0703073104},
    issn = {1091-6490},
    pmid = {18048343}
}

@article{Jongman2012,
    title = {{Global exposure to river and coastal flooding: Long term trends and changes}},
    year = {2012},
    journal = {Global Environmental Change},
    author = {Jongman, Brenden and Ward, Philip J. and Aerts, Jeroen C.J.H.},
    isbn = {09593780},
    doi = {10.1016/j.gloenvcha.2012.07.004},
    issn = {09593780},
    keywords = {Damage estimation, Flood risk, Global change, Land-use change, Population growth}
}

@article{Hirabayashi2013,
    title = {{Global flood risk under climate change}},
    year = {2013},
    journal = {Nature Climate Change},
    author = {Hirabayashi, Yukiko and Mahendran, Roobavannan and Koirala, Sujan and Konoshima, Lisako and Yamazaki, Dai and Watanabe, Satoshi and Kim, Hyungjun and Kanae, Shinjiro},
    isbn = {doi:10.1038/nclimate1911},
    doi = {10.1038/nclimate1911},
    issn = {1758678X}
}

@article{Hirabayashi2013a,
    title = {{Global flood risk under climate change}},
    year = {2013},
    journal = {Nature Climate Change},
    author = {Hirabayashi, Yukiko and Mahendran, Roobavannan and Koirala, Sujan and Konoshima, Lisako and Yamazaki, Dai and Watanabe, Satoshi and Kim, Hyungjun and Kanae, Shinjiro},
    isbn = {doi:10.1038/nclimate1911},
    doi = {10.1038/nclimate1911},
    issn = {1758678X}
}

@article{Hirabayashi2008,
    title = {{Global projections of changing risks of floods and droughts in a changing climate}},
    year = {2008},
    journal = {Hydrological Sciences Journal},
    author = {Hirabayashi, Yukiko and Kanae, Shinjiro and Emori, Seita and Oki, Taikan and Kimoto, Masahide},
    isbn = {0262-6667},
    doi = {10.1623/hysj.53.4.754},
    issn = {02626667},
    keywords = {Drought, Flood, Global warming, River discharge}
}

@article{Alfieri2017,
    title = {{Global projections of river flood risk in a warmer world}},
    year = {2017},
    journal = {Earth's Future},
    author = {Alfieri, Lorenzo and Bisselink, Berny and Dottori, Francesco and Naumann, Gustavo and de Roo, Ad and Salamon, Peter and Wyser, Klaus and Feyen, Luc},
    isbn = {8605118563},
    doi = {10.1002/2016EF000485},
    issn = {23284277},
    keywords = {climate change, flood frequency, flood risk, model agreement, rcp 8.5, specific warming levels}
}

@article{Alfieri2015a,
    title = {{Global warming increases the frequency of river floods in Europe}},
    year = {2015},
    journal = {Hydrology and Earth System Sciences},
    author = {Alfieri, L. and Burek, P. and Feyen, L. and Forzieri, G.},
    isbn = {1607-7938},
    doi = {10.5194/hess-19-2247-2015},
    issn = {16077938}
}

@article{Suklitsch2008,
    title = {{High resolution sensitivity studies with the regional climate model CCLM in the Alpine region}},
    year = {2008},
    journal = {Meteorologische Zeitschrift},
    author = {Suklitsch, Martin and Gobiet, Andreas and Leuprecht, Armin and Frei, Christoph},
    pages = {467--476},
    volume = {17},
    doi = {10.1127/0941-2948/2008/0308},
    issn = {09412948}
}

@article{Meissner2009,
    title = {{High-resolution sensitivity studies with the regional climate model COSMO-CLM}},
    year = {2009},
    journal = {Meteorologische Zeitschrift},
    author = {Meissner, Cathérine and Sch{\"{a}}dler, Gerd and Panitz, Hans-Jürgen and Feldmann, Hendrik and Kottmeier, Christoph},
    number = {5},
    month = {10},
    pages = {543--557},
    volume = {18},
    url = {http://openurl.ingenta.com/content/xref?genre=article&issn=0941-2948&volume=18&issue=5&spage=543},
    doi = {10.1127/0941-2948/2009/0400},
    issn = {09412948}
}

@article{Edwards2011,
    title = {{History of climate modeling}},
    year = {2011},
    journal = {Wiley Interdisciplinary Reviews: Climate Change},
    author = {Edwards, Paul N.},
    pages = {128--139},
    volume = {2},
    isbn = {1757-7799},
    doi = {10.1002/wcc.95},
    issn = {17577799}
}

@article{Mayewski2004,
    title = {{Holocene climate variability}},
    year = {2004},
    journal = {Quaternary Research},
    author = {Mayewski, Paul A. and Rohling, Eelco E. and Curt Stager, J. and Karl{\'{e}}n, Wibjörn and Maasch, Kirk A. and David Meeker, L. and Meyerson, Eric A. and Gasse, Francoise and van Kreveld, Shirley and Holmgren, Karin and Lee-Thorp, Julia and Rosqvist, Gunhild and Rack, Frank and Staubwasser, Michael and Schneider, Ralph R. and Steig, Eric J.},
    number = {3},
    month = {11},
    pages = {243--255},
    volume = {62},
    url = {http://linkinghub.elsevier.com/retrieve/pii/S0033589404000870},
    isbn = {0033-5894},
    doi = {10.1016/j.yqres.2004.07.001},
    issn = {00335894},
    keywords = {Climate, Holocene, Rapid climate change, Solar variability}
}

@article{Grossi2013,
    title = {{Hydrologic vulnerability to climate change of the Mandrone glacier (Adamello-Presanella group, Italian Alps)}},
    year = {2013},
    journal = {Advances in Water Resources},
    author = {Grossi, Giovanna and Caronna, Paolo and Ranzi, Roberto},
    month = {5},
    pages = {190--203},
    volume = {55},
    publisher = {Elsevier Ltd},
    url = {http://linkinghub.elsevier.com/retrieve/pii/S0309170812002965},
    doi = {10.1016/j.advwatres.2012.11.014},
    issn = {03091708}
}

@article{Middelkoop2001,
    title = {{Impact of climate change on hydrological regimes and water resources management in the Rhine basin}},
    year = {2001},
    journal = {Climatic Change},
    author = {Middelkoop, H. and Daamen, K. and Gellens, D. and Grabs, W. and Kwadijk, J. C J and Lang, H. and Parmet, B. W A H and Sch{\"{a}}dler, B. and Schulla, J. and Wilke, K.},
    isbn = {0165-0009},
    doi = {10.1023/A:1010784727448},
    issn = {01650009},
    pmid = {4439172}
}

@book{Iglesias2009,
    title = {{Impacts of climate change in agriculture in Europe . PESETA-Agriculture study}},
    year = {2009},
    booktitle = {Transport},
    author = {Iglesias, Ana and Garrote, Luis and Quiroga, Sonia and Moneo, Marta},
    isbn = {9789279144844},
    doi = {10.2791/33218}
}

@article{Beniston2011,
    title = {{Impacts of climatic change on water and natural hazards in the Alps: Can current water governance cope with future challenges? Examples from the European “ACQWA” project}},
    year = {2011},
    journal = {Environmental Science {\&} Policy},
    author = {Beniston, Martin and Stoffel, Markus and Hill, Margot},
    number = {7},
    month = {11},
    pages = {734--743},
    volume = {14},
    publisher = {Elsevier Ltd},
    url = {http://linkinghub.elsevier.com/retrieve/pii/S1462901110001851},
    doi = {10.1016/j.envsci.2010.12.009},
    issn = {14629011}
}

@article{Fowler2003,
    title = {{Implications of changes in seasonal and annual extreme rainfall}},
    year = {2003},
    journal = {Geophysical Research Letters},
    author = {Fowler, H. J. and Kilsby, C. G.},
    isbn = {0094-8276},
    doi = {10.1029/2003GL017327},
    issn = {00948276},
    keywords = {Climate change, Extremes, Flooding, Rainfall, Seasonality, UK}
}

@article{Huffman2009,
    title = {{Improving the global precipitation record: GPCP Version 2.1}},
    year = {2009},
    journal = {Geophysical Research Letters},
    author = {Huffman, George J. and Adler, Robert F. and Bolvin, David T. and Gu, Guojun},
    volume = {36},
    isbn = {0094-8276},
    doi = {10.1029/2009GL040000},
    issn = {00948276}
}

@article{WengChan1997,
    title = {{Increasing flood risk in Malaysia: Causes and solutions}},
    year = {1997},
    journal = {Disaster Prevention and Management: An International Journal},
    author = {Weng Chan, Ngai},
    isbn = {10.1108/09653569710164035},
    doi = {10.1108/09653569710164035},
    issn = {09653562}
}

@article{Milly2002,
    title = {{Increasing risk of great floods in a changing climate}},
    year = {2002},
    journal = {Nature},
    author = {Milly, P. C.D. and Wetherald, R. T. and Dunne, K. A. and Delworth, T. L.},
    isbn = {0028-0836},
    doi = {10.1038/415514a},
    issn = {00280836},
    pmid = {11823857},
    arxivId = {10.1038/415514a}
}

@article{Lorenz2005,
    title = {{Influence of regional scale information on the global circulation: A two-way nesting climate simulation}},
    year = {2005},
    journal = {Geophysical Research Letters},
    author = {Lorenz, Philip and Jacob, Daniela},
    pages = {1--4},
    volume = {32},
    isbn = {0094-8276},
    doi = {10.1029/2005GL023351},
    issn = {00948276}
}

@article{Pryor2012,
    title = {{Influence of spatial resolution on regional climate model derived wind climates}},
    year = {2012},
    journal = {Journal of Geophysical Research},
    author = {Pryor, S. C. and Nikulin, G. and Jones, C.},
    number = {D3},
    month = {2},
    pages = {D03117},
    volume = {117},
    url = {http://doi.wiley.com/10.1029/2011JD016822},
    doi = {10.1029/2011JD016822},
    issn = {0148-0227}
}

@article{Christensen2004,
    title = {{Intensification of extreme European summer precipitation in a warmer climate}},
    year = {2004},
    journal = {Global and Planetary Change},
    author = {Christensen, O. B. and Christensen, J. H.},
    isbn = {09218181},
    doi = {10.1016/j.gloplacha.2004.06.013},
    issn = {09218181},
    keywords = {Climate model, Greenhouse gas, Precipitation episodes}
}

@misc{Hostetler1993,
    title = {{Interactive coupling of a lake thermal model with a regional climate model}},
    year = {1993},
    booktitle = {Journal of Geophysical Research},
    author = {Hostetler, S. W. and Bates, G. T. and Giorgi, F.},
    pages = {5045},
    volume = {98},
    doi = {10.1029/92JD02843},
    issn = {0148-0227}
}

@article{Zeng1998,
    title = {{Intercomparison of bulk aerodynamic algorithms for the computation of sea surface fluxes using TOGA COARE and TAO data}},
    year = {1998},
    journal = {Journal of Climate},
    author = {Zeng, Xubin and Zhao, Ming and Dickinson, Robert E.},
    number = {White 1996},
    pages = {2628--2644},
    volume = {11},
    isbn = {0894-8755},
    doi = {10.1175/1520-0442(1998)011<2628:IOBAAF>2.0.CO;2},
    issn = {08948755},
    keywords = {Aerodynamics, Air-sea interaction, Algorithm, Sea surface, Surface flux, TOGA-COARE}
}

@article{giorgi1999InttospesecRegclimodrev,
    title = {{Introduction to special section- Regional climate modeling revisited}},
    year = {1999},
    journal = {Journal of Geophysical Research: Atmospheres (1984--2012)},
    author = {Giorgi, Filippo and Mearns, Linda O},
    number = {D6},
    pages = {6335--6352},
    volume = {104},
    publisher = {Wiley Online Library},
    url = {http://onlinelibrary.wiley.com/doi/10.1029/98JD02072/full; http://onlinelibrary.wiley.com/doi/10.1029/98JD02072/pdf},
    keywords = {doi:10.1029/9, http://dx.doi.org/10.1029/98JD02072}
}

@article{IPCC2007,
    title = {{IPCC Fourth Assessment Report (AR4)}},
    year = {2007},
    journal = {Ipcc},
    author = {{IPCC}},
    isbn = {0521705975},
    doi = {ISSN: 02767783},
    issn = {10035494},
    pmid = {17429376}
}

@book{Nakicenovic2000,
    title = {{IPCC Special Report on Emissions Scenarios: A special report of Working Group III of the Intergovernmental Panel on Climate Change}},
    year = {2000},
    booktitle = {emissions scenarios},
    author = {{IPCC WG3}},
    editor = {Naki{\'{c}}enovi{\'{c}}, N. and Swart, R.},
    pages = {608},
    publisher = {Cambridge University Press, Cambridge, United Kingdom and New York, NY, USA, 599 pp.},
    isbn = {ISBN 0 521 80081}
}

@book{Seneviratne2012,
    title = {{IPCC special report on Managing the Risks of Extreme Events and Disasters to Advance Climate Change Adaptation (SREX)}},
    year = {2012},
    booktitle = {Managing the Risks of Extreme Events and Disasters to Advance Climate Change Adaptation},
    author = {Seneviratne, Sonia I and Nicholls, Neville and Easterling, David and Goodess, Clare M. and Kanae, Shinjiro and Kossin, James and Luo, Yali and Marengo, Jose and McInnes, Kathleen and Rahimi, Mohammad and Reichstein, Markus and Sorteberg, Asgeir and Vera, Carolina and Zhang, Xuebin and Rusticucci, Matilde and Semenov, Vladimir and Alexander, Lisa V. and Allen, Simon and Benito, Gerardo and Cavazos, Tereza and Clague, John and Conway, Declan and Della-Marta, Paul M. and Gerber, Markus and Gong, Sunling and Goswami, B. N. and Hemer, Mark and Huggel, Christian and Hurk, Bart van den and Kharin, Viatcheslav V. and Kitoh, Akio and Tank, Albert M.G. Klein and Li, Guilong and Mason, Simon and McGuire, William and Oldenborgh, Geert Jan van and Orlowsky, Boris and Smith, Sharon and Thiaw, Wassila and Velegrakis, Adonis and Yiou, Pascal and Zhang, Tingjun and Zhou, Tianjun and Zwiers, Francis W. and {IPCC WG1} and {IPCC WG2}},
    editor = {Field, Christopher B. and Barros, Vicente and Stocker, Thomas F. and Dahe, Qin},
    publisher = {Cambridge University Press},
    url = {http://dx.doi.org/10.1017/CBO9781139177245.006 http://ebooks.cambridge.org/ref/id/CBO9781139177245},
    address = {Cambridge},
    isbn = {9781139177245},
    doi = {10.1017/CBO9781139177245},
    keywords = {Climatology and Climate Change, Economics and Law, Environmental policy}
}

@article{Murray2012a,
    title = {{IPCC Special Report on Managing the Risks of Extreme Events and Disasters to Advance Climate Change Adaptation (SREX)}},
    year = {2012},
    journal = {Journal of Epidemiology and Community Health},
    author = {{IPCC}},
    number = {9},
    pages = {759--760},
    volume = {66},
    isbn = {9781107607804},
    doi = {10.1136/jech-2012-201045},
    issn = {0143005X},
    pmid = {22766781},
    arxivId = {arXiv:1011.1669v3}
}

@article{Kron2002,
    title = {{Keynote lecture: Flood risk= hazard× exposure× vulnerability}},
    year = {2002},
    journal = {Proceedings of the Flood Defence},
    author = {Kron, Wolfgang},
    isbn = {1880132540},
    keywords = {flood disasters, flood insurance, flood preparedness, flood risk, flood types}
}

@article{Steiner2009,
    title = {{Land surface coupling in regional climate simulations of the West African monsoon}},
    year = {2009},
    journal = {Climate Dynamics},
    author = {Steiner, Allison L. and Pal, Jeremy S. and Rauscher, Sara A. and Bell, Jason L. and Diffenbaugh, Noah S. and Boone, Aaron and Sloan, Lisa C. and Giorgi, Filippo},
    pages = {869--892},
    volume = {33},
    isbn = {0038200905436},
    doi = {10.1007/s00382-009-0543-6},
    issn = {09307575},
    keywords = {African monsoon, Land surface modeling, Land surface-atmosphere coupling, RegCM3, Regional climate modeling, Soil moisture}
}

@misc{Web2014,
    title = {{Links1}},
    year = {2014},
    author = {{Web}},
    pages = {1--17}
}

@misc{Web2014b,
    title = {{Links1}},
    year = {2014},
    author = {{Web}},
    pages = {1--17}
}

@misc{Web2014a,
    title = {{Links2}},
    year = {2014},
    author = {{Web}},
    pages = {1--21}
}

@misc{Web2014ab,
    title = {{Links2}},
    year = {2014},
    author = {{Web}},
    pages = {1--21}
}

@article{im2010LoceffclichaoveAlpregstuhigresregclimodsurclichasce,
    title = {{Local effects of climate change over the Alpine region: A study with a high resolution regional climate model with a surrogate climate change scenario}},
    year = {2010},
    journal = {Geophysical Research Letters},
    author = {Im, E.-S. and Coppola, Erika and Giorgi, Filippo and Bi, X.},
    number = {5},
    month = {3},
    pages = {n/a-n/a},
    volume = {37},
    publisher = {Wiley Online Library},
    url = {http://doi.wiley.com/10.1029/2009GL041801},
    doi = {10.1029/2009GL041801},
    issn = {00948276},
    keywords = {doi:10.102, http://dx.doi.org/10.1029/2009GL041801}
}

@article{zubler2013LocclichascemeatempreoveSwi,
    title = {{Localized climate change scenarios of mean temperature and precipitation over Switzerland}},
    year = {2014},
    journal = {Climatic Change},
    author = {Zubler, Elias M. and Fischer, Andreas M. and Liniger, Mark a. and Croci-Maspoli, Mischa and Scherrer, Simon C. and Appenzeller, Christof},
    number = {2},
    month = {6},
    pages = {237--252},
    volume = {125},
    publisher = {Springer},
    url = {http://link.springer.com/article/10.1007/s10584-014-1144-x; http://link.springer.com/article/10.1007/s10584-014-1144-x/fulltext.html http://link.springer.com/10.1007/s10584-014-1144-x},
    doi = {10.1007/s10584-014-1144-x},
    issn = {0165-0009}
}

@article{Simmons2010,
    title = {{Low-frequency variations in surface atmospheric humidity, temperature, and precipitation: Inferences from reanalyses and monthly gridded observational data sets}},
    year = {2010},
    journal = {Journal of Geophysical Research: Atmospheres},
    author = {Simmons, A. J. and Willett, K. M. and Jones, P. D. and Thorne, P. W. and Dee, D. P.},
    volume = {115},
    isbn = {0148-0227},
    doi = {10.1029/2009JD012442},
    issn = {01480227}
}

@book{Report2012,
    title = {{Managing the Risks of Extreme Events and Disasters to Advance Climate Change Adaptation}},
    year = {2012},
    author = {Report, Special and The, O F and Panel, Intergovernmental and Change, O N Climate},
    url = {http://ebooks.cambridge.org/ref/id/CBO9781139177245},
    isbn = {9781139177245},
    doi = {10.1017/CBO9781139177245},
    issn = {16604601},
    pmid = {25522050},
    arxivId = {arXiv:1011.1669v3}
}

@article{Gryning2003,
    title = {{Marine atmospheric boundary-layer height estimated from NWP model output}},
    year = {2003},
    journal = {International journal of environment and pollution},
    author = {Gryning, Sven-Erik and Batchvarova, Ekaterina},
    number = {1},
    pages = {147--153},
    volume = {20}
}

@article{Legates1990,
    title = {{Mean seasonal and spatial variability in gauge-corrected, global precipitation}},
    year = {1990},
    journal = {International Journal of Climatology},
    author = {Legates, David R and Willmott, Cort J},
    pages = {111--127},
    volume = {10},
    url = {http://doi.wiley.com/10.1002/joc.3370100202},
    isbn = {1097-0088},
    doi = {10.1002/joc.3370100202},
    issn = {08998418},
    keywords = {global precipitation harmonic analysis, raingauge errors}
}

@article{Ruti2010,
    title = {{MED-CORDEX (www.medcordex.eu) is a unique framework within CORDEX, where research community will make use of both regional atmospheric, land}},
    year = {2010},
    journal = {BAMS},
    author = {Ruti, PM. and Somot, S and Dubois, C and Calmanti, S and Ahrens, B and Alias, A and Aznar, R and Bartholy, J and Bastin, S and B{\'{e}}ranger, K and Brauch, J and Calvet, JC and Carillo, A and Decharme, B and Dell’Aquila, A and Djurdjevic, V and Drobinski, P and Elizalde-Arellano, A and Gaertner, M and Sastre, P Galán del and Gallardo, C and Giorgi, F and Gualdi, S and Bellucci, A and Harzallah, A and Herrmann, M and Jacob, D and Khodayar, S and Krichak, S and Lebeaupin, C and L’Heveder, B and Li, L and Liguori, G and Lionello, P and Onol, B and Rajkovic, B and Sannino, G and Sevault., F},
    pages = {in revision}
}

@techreport{AdaptAlp,
    title = {{Meeting the risk of climate change and hazards in the Alps}},
    year = {2014},
    author = {{AdaptAlp}}
}

@article{Coppola2010,
    title = {{Model weighting based on mesoscale structures in precipitation and temperature in an ensemble of regional climate models}},
    year = {2010},
    journal = {Climate Research},
    author = {Coppola, E and Giorgi, F and Rauscher, SA and Piani, C},
    number = {2-3},
    month = {12},
    pages = {121--134},
    volume = {44},
    url = {http://www.int-res.com/abstracts/cr/v44/n2-3/p121-134/},
    doi = {10.3354/cr00940},
    issn = {0936-577X}
}

@article{Zakey2008,
    title = {{Modeling of sea salt in a regional climate model: Fluxes and radiative forcing}},
    year = {2008},
    journal = {Journal of Geophysical Research: Atmospheres},
    author = {Zakey, a. S. and Giorgi, F. and Bi, X.},
    number = {April},
    pages = {1--27},
    volume = {113},
    doi = {10.1029/2007JD009209},
    issn = {01480227},
    keywords = {http://dx.doi.org/10.1029/2007JD009209, doi:10.102}
}

@article{Cloke2013,
    title = {{Modelling climate impact on floods with ensemble climate projections}},
    year = {2013},
    journal = {Quarterly Journal of the Royal Meteorological Society},
    author = {Cloke, Hannah L. and Wetterhall, Fredrik and He, Yi and Freer, Jim E. and Pappenberger, Florian},
    isbn = {00359009},
    doi = {10.1002/qj.1998},
    issn = {00359009},
    keywords = {ENSEMBLES, GCM, Hydrological model, Hydrology, Perturbed physics, RCM, Response surface, UKCP09}
}

@article{Hanson2007,
    title = {{Modelling the impact of climate extremes: an overview of the MICE project}},
    year = {2007},
    journal = {Climatic Change},
    author = {Hanson, C. E. and Palutikof, J. P. and Livermore, M. T. J. and Barring, L. and Bindi, M. and Corte-Real, J. and Durao, R. and Giannakopoulos, C. and Good, P. and Holt, T. and Kundzewicz, Z. and Leckebusch, G. C. and Moriondo, M. and Radziejewski, M. and Santos, J. and Schlyter, P. and Schwarb, M. and Stjernquist, I. and Ulbrich, U.},
    number = {S1},
    month = {3},
    pages = {163--177},
    volume = {81},
    url = {http://link.springer.com/10.1007/s10584-006-9230-3},
    doi = {10.1007/s10584-006-9230-3},
    issn = {0165-0009}
}

@article{Hock2005,
    title = {{Modelling the response of mountain glacier discharge to climate warming}},
    year = {2005},
    journal = {Global Change and Mountain Regions},
    author = {Hock, Regine and Jansson, Peter and Braun, Ln},
    pages = {243--252},
    url = {http://link.springer.com/content/pdf/10.1007/1-4020-3508-X_25},
    isbn = {978-1-4020-3506-7},
    doi = {10.1007/1-4020-3508-X{\_}25},
    keywords = {climate change, glacier discharge, glacier mass balance, modelling, storglaci{\"{a}}ren}
}

@article{Rojas2006,
    title = {{Multiply Nested Regional Climate Simulation for Southern South America: Sensitivity to Model Resolution}},
    year = {2006},
    journal = {Monthly Weather Review},
    author = {Rojas, Maisa},
    number = {8},
    month = {8},
    pages = {2208--2223},
    volume = {134},
    url = {http://journals.ametsoc.org/doi/abs/10.1175/MWR3167.1},
    isbn = {0027-0644},
    doi = {10.1175/MWR3167.1},
    issn = {0027-0644}
}

@article{Sillmann2014,
    title = {{Observed and simulated temperature extremes during the recent warming hiatus}},
    year = {2014},
    journal = {Environmental Research Letters},
    author = {Sillmann, Jana and Donat, Markus G and Fyfe, John C and Zwiers, Francis W},
    pages = {064023},
    volume = {9},
    url = {http://iopscience.iop.org/1748-9326/9/6/064023/article/},
    doi = {10.1088/1748-9326/9/6/064023},
    issn = {1748-9326}
}

@article{Toreti2014,
    title = {{On the evaluation of climate model simulated precipitation extremes}},
    year = {2014},
    journal = {Environmental Research Letters},
    author = {Toreti, Andrea and Naveau, Philippe},
    number = {1},
    pages = {10767},
    volume = {16},
    publisher = {IOP Publishing},
    url = {http://dx.doi.org/10.1088/1748-9326/10/1/014012},
    doi = {10.1088/1748-9326/10/1/014012},
    issn = {1748-9326},
    keywords = {CMIP5, Euro-Mediterranean region, article is available online, cmip5, euro-mediterranean region, precipitation extremes, supplementary material for this}
}

@article{Phipps2013,
    title = {{Paleoclimate Data–Model Comparison and the Role of Climate Forcings over the Past 1500 Years*}},
    year = {2013},
    journal = {Journal of Climate},
    author = {Phipps, Steven J and McGregor, Helen V and Gergis, Joëlle and Gallant, Ailie J E and Neukom, Raphael and Stevenson, Samantha and Ackerley, Duncan and Brown, Josephine R and Fischer, Matt J and van Ommen, Tas D},
    number = {18},
    month = {9},
    pages = {6915--6936},
    volume = {26},
    url = {http://dx.doi.org/10.1175/JCLI-D-12-00108.1 http://journals.ametsoc.org/doi/abs/10.1175/JCLI-D-12-00108.1},
    isbn = {0894-8755},
    doi = {10.1175/JCLI-D-12-00108.1},
    issn = {0894-8755}
}

@article{Moore1992,
    title = {{Paleoclimate of the Kimmeridgian/Tithonian (Late Jurassic) world: I. Results using a general circulation model}},
    year = {1992},
    journal = {Palaeogeography, Palaeoclimatology, Palaeoecology},
    author = {Moore, George T. and Hayashida, Darryl N. and Ross, Charles A. and Jacobson, Stephen R.},
    number = {1-2},
    month = {5},
    pages = {113--150},
    volume = {93},
    url = {http://linkinghub.elsevier.com/retrieve/pii/0031018292901869},
    doi = {10.1016/0031-0182(92)90186-9},
    issn = {00310182}
}

@article{Europe2010,
    title = {{Periodic activity report}},
    year = {2010},
    author = {Europe, Eastern and Change, Climate},
    number = {037005},
    pages = {1--173}
}

@article{Daly2008,
    title = {{Physiographically sensitive mapping of climatological temperature and precipitation across the conterminous United States}},
    year = {2008},
    journal = {International Journal of Climatology},
    author = {Daly, Christopher and Halbleib, Michael and Smith, Joseph I. and Gibson, Wayne P. and Doggett, Matthew K. and Taylor, George H. and Curtis, Jan and Pasteris, Phillip P.},
    pages = {2031--2064},
    volume = {28},
    isbn = {1097-0088},
    doi = {10.1002/joc.1688},
    issn = {08998418},
    keywords = {Coastal proximity, Cold air drainage, Daymet, Elevation, Interpolation, PRISM, Physiography, Precipitation, Rain shadow, Spatial climate, Temperature, Temperature inversion, WorldClim}
}

@article{diluca2012PotaddvalpresimbyhignesRegCliModobs,
    title = {{Potential for added value in precipitation simulated by high-resolution nested Regional Climate Models and observations}},
    year = {2011},
    journal = {Climate Dynamics},
    author = {Di Luca, Alejandro and de El{\'{i}}a, Ramón and Laprise, René},
    number = {5-6},
    month = {4},
    pages = {1229--1247},
    volume = {38},
    publisher = {Springer},
    url = {http://link.springer.com/article/10.1007/s00382-011-1068-3 http://link.springer.com/10.1007/s00382-011-1068-3},
    doi = {10.1007/s00382-011-1068-3},
    issn = {0930-7575},
    keywords = {regional climate model {\'{a}}, scale analysis {\'{a}} precipitation, temporal-spatial, {\'{a}} added value}
}

@article{DiLuca2013a,
    title = {{Potential for added value in temperature simulated by high-resolution nested RCMs in present climate and in the climate change signal}},
    year = {2012},
    journal = {Climate Dynamics},
    author = {Di Luca, Alejandro and El{\'{i}}a, Ramón and Laprise, René},
    number = {1-2},
    month = {5},
    pages = {443--464},
    volume = {40},
    url = {http://link.springer.com/10.1007/s00382-012-1384-2},
    isbn = {0930-7575},
    doi = {10.1007/s00382-012-1384-2},
    issn = {0930-7575},
    keywords = {Potential added value, Regional climate model, Surface forcings, Temperature, Variance decomposition}
}

@article{DiLuca2013,
    title = {{Potential for small scale added value of RCM’s downscaled climate change signal}},
    year = {2012},
    journal = {Climate Dynamics},
    author = {Di Luca, Alejandro and de El{\'{i}}a, Ramón and Laprise, René},
    number = {3-4},
    month = {6},
    pages = {601--618},
    volume = {40},
    url = {http://link.springer.com/10.1007/s00382-012-1415-z},
    isbn = {0930-7575},
    doi = {10.1007/s00382-012-1415-z},
    issn = {0930-7575},
    keywords = {Potential added value climate change signal, Precipitations, Regional climate model, Temperature}
}

@article{Baigorria2008,
    title = {{Potential predictability of crop yield using an ensemble climate forecast by a regional circulation model}},
    year = {2008},
    journal = {Agricultural and Forest Meteorology},
    author = {Baigorria, Guillermo A. and Jones, James W. and O'Brien, James J.},
    pages = {1353--1361},
    volume = {148},
    isbn = {0168-1923},
    doi = {10.1016/j.agrformet.2008.04.002},
    issn = {01681923},
    keywords = {Bias-correction, CERES-Maize, Crop models, Crop yield forecast, Principal components, Regional circulation models, Statistical downscaling}
}

@misc{Smiatek2009,
    title = {{Precipitation and temperature statistics in high-resolution regional climate models: Evaluation for the European Alps}},
    year = {2009},
    booktitle = {Journal of Geophysical Research},
    author = {Smiatek, G. and Kunstmann, H. and Knoche, R. and Marx, A.},
    volume = {114},
    isbn = {0148-0227},
    doi = {10.1029/2008JD011353},
    issn = {0148-0227}
}

@article{Brunetti2000,
    title = {{Precipitation intensity trends in northern Italy}},
    year = {2000},
    journal = {International Journal of Climatology},
    author = {Brunetti, Michele and Buffoni, Letizia and Maugeri, Maurizio and Nanni, Teresa},
    isbn = {0899-8418},
    doi = {10.1002/1097-0088(200007)20:9<1017::AID-JOC515>3.0.CO;2-S},
    issn = {08998418},
    keywords = {Daily precipitation, Heavy precipitation events, Northern Italy, Trend analysis}
}

@article{im2006PreclisimoveKorregclimodusionedousys,
    title = {{Present climate simulation over Korea with a regional climate model using a one-way double-nested system}},
    year = {2006},
    journal = {Theoretical and applied climatology},
    author = {Im, E S and Park, E-H and Kwon, W-T and Giorgi, Filippo},
    number = {1-4},
    pages = {187--200},
    volume = {86},
    publisher = {Springer},
    url = {http://link.springer.com/article/10.1007/s00704-005-0215-3}
}

@misc{Grell1993,
    title = {{Prognostic Evaluation of Assumptions Used by Cumulus Parameterizations}},
    year = {1993},
    booktitle = {Monthly Weather Review},
    author = {Grell, Georg A.},
    pages = {764--787},
    volume = {121},
    doi = {10.1175/1520-0493(1993)121<0764:PEOAUB>2.0.CO;2},
    issn = {0027-0644}
}

@article{Gao2006,
    title = {{Projected changes in mean and extreme precipitation over the Mediterranean region from a high resolution double nested RCM simulation}},
    year = {2006},
    journal = {Geophysical Research Letters},
    author = {Gao, Xuejie and Pal, Jeremy S. and Giorgi, Filippo},
    volume = {33},
    isbn = {0094-8276},
    doi = {10.1029/2005GL024954},
    issn = {00948276}
}

@article{Fischer2014,
    title = {{Projected changes in precipitation intensity and frequency over complex topography : a multi-model perspective}},
    year = {2014},
    author = {Fischer, Andreas and Keller, Denise and Liniger, Mark and Rajczak, Jan and Sch{\"{a}}r, Christoph},
    pages = {9916},
    volume = {16},
    doi = {10.1002/joc.4162},
    issn = {08998418}
}

@article{McNeil2006,
    title = {{Projected climate change impact on oceanic acidification.}},
    year = {2006},
    journal = {Carbon balance and management},
    author = {McNeil, Ben I and Matear, Richard J},
    pages = {2},
    volume = {1},
    isbn = {1750-0680},
    doi = {10.1186/1750-0680-1-2},
    issn = {1750-0680},
    pmid = {16930458}
}

@article{Rajczak2013,
    title = {{Projections of extreme precipitation events in regional climate simulations for Europe and the Alpine Region}},
    year = {2013},
    journal = {Journal of Geophysical Research: Atmospheres},
    author = {Rajczak, J. and Pall, P. and Sch{\"{a}}r, C.},
    number = {9},
    month = {5},
    pages = {3610--3626},
    volume = {118},
    url = {http://doi.wiley.com/10.1002/jgrd.50297},
    doi = {10.1002/jgrd.50297},
    issn = {2169897X}
}

@article{Rajczak2013a,
    title = {{Projections of extreme precipitation events in regional climate simulations for Europe and the Alpine Region}},
    year = {2013},
    journal = {Journal of Geophysical Research Atmospheres},
    author = {Rajczak, J. and Pall, P. and Sch{\"{a}}r, C.},
    isbn = {2169-897X},
    doi = {10.1002/jgrd.502972013},
    issn = {21698996}
}

@article{Final2010,
    title = {{Publishable Final Activity Report}},
    year = {2010},
    author = {Final, Publishable and Report, Activity},
    number = {037005},
    pages = {1--36}
}

@misc{Guo2001,
    title = {{Rain Catch under Wind and Vegetal Cover Effects}},
    year = {2001},
    booktitle = {Journal of Hydrologic Engineering},
    author = {Guo, James C. Y. and Urbonas, Ben and Stewart, Kevin},
    number = {1},
    pages = {29--33},
    volume = {6},
    doi = {10.1061/(ASCE)1084-0699(2001)6:1(29)},
    issn = {1084-0699},
    keywords = {gage, rain, undercatch, wind}
}

@article{Kendon2012,
    title = {{Realism of Rainfall in a Very High-Resolution Regional Climate Model}},
    year = {2012},
    journal = {Journal of Climate},
    author = {Kendon, Elizabeth J. and Roberts, Nigel M. and Senior, Catherine A. and Roberts, Malcolm J.},
    number = {17},
    month = {9},
    pages = {5791--5806},
    volume = {25},
    url = {http://journals.ametsoc.org/doi/abs/10.1175/JCLI-D-11-00562.1},
    isbn = {0894-8755},
    doi = {10.1175/JCLI-D-11-00562.1},
    issn = {0894-8755}
}

@article{parker2008Reccliextaltalplakeco,
    title = {{Recent climate extremes alter alpine lake ecosystems}},
    year = {2008},
    journal = {Proceedings of the National Academy of Sciences},
    author = {Parker, Brian R and Vinebrooke, Rolf D and Schindler, David W},
    number = {35},
    pages = {12927--12931},
    volume = {105},
    publisher = {National Acad Sciences},
    url = {http://www.pnas.org/content/105/35/12927.short; http://www.pnas.org/content/105/35/12927.full}
}

@article{Cea2007,
    title = {{Reducing the Social and Economic Impact of Climate Change and Natural Catastrophes Insurance Solutions and Public-Private Partnerships}},
    year = {2007},
    author = {{CEA}},
    number = {July},
    pages = {40},
    url = {http://www.eaee.gr/cms/sites/default/files/cea_report_on_climate_change_and_natural_catastrophes.pdf}
}

@article{giorgi2012RegmoddespretesovemulCORdom,
    title = {{RegCM4: model description and preliminary tests over multiple CORDEX domains}},
    year = {2012},
    journal = {Climate Research},
    author = {Giorgi, Filippo and Coppola, Erika and Solmon, F and Mariotti, L and Sylla, M B and Bi, X and Elguindi, N and Diro, G T and Nair, V and Giuliani, G and {others}},
    pages = {7--29},
    volume = {52}
}

@article{giorgi2012RegmoddespretesovemulCORdomb,
    title = {{RegCM4: model description and preliminary tests over multiple CORDEX domains}},
    year = {2012},
    journal = {Climate Research},
    author = {Giorgi, Filippo and Coppola, Erika and Solmon, F and Mariotti, L and Sylla, MB and Bi, X and Elguindi, N and Diro, GT and Nair, V and Giuliani, G and Turuncoglu, Uu and Cozzini, S and G{\"{u}}ttler, I and O’Brien, Ta and Tawfik, Ab and Shalaby, A and Zakey, As and Steiner, Al and Stordal, F and Sloan, Lc and Brankovic, C},
    month = {3},
    pages = {7--29},
    volume = {52},
    url = {http://www.int-res.com/abstracts/cr/v52/p7-29/},
    doi = {10.3354/cr01018},
    issn = {0936-577X},
    keywords = {cordex, model validation, of the publisher, permitted without written consent, regcm4, regional climate model, resale or republication not}
}

@article{EuropeanEnvironmentAgency2009,
    title = {{Regional climate change and adaptation: The Alps facing the challenge of changing water resources}},
    year = {2009},
    author = {{European Environment Agency}},
    number = {8}
}

@misc{Elguindi2014,
    title = {{Regional Climate Model RegCM User Manual}},
    year = {2014},
    author = {Elguindi, Nellie and Bi, Xunqiang and Giorgi, Filippo and Nagarajan, Badrinath and Pal, Jeremy and Solmon, Fabien and Rauscher, Sara and Zakey, Ashraf and O’Brien, Travis and Nogherotto, Rita and Giuliani, Graziano},
    number = {May}
}

@article{Leduc2008,
    title = {{Regional climate model sensitivity to domain size}},
    year = {2008},
    journal = {Climate Dynamics},
    author = {Leduc, Martin and Laprise, René},
    number = {6},
    month = {6},
    pages = {833--854},
    volume = {32},
    url = {http://link.springer.com/10.1007/s00382-008-0400-z},
    doi = {10.1007/s00382-008-0400-z},
    issn = {0930-7575},
    keywords = {big-brother experiment {\'{a}} domain, boundary conditions {\'{a}}, regional climate model {\'{a}}, size {\'{a}}, small-scale features {\'{a}} lateral}
}

@article{Browne2012,
    title = {{Regional Climate Model Sensitivity to Domain Size for the Simulation of the West African Summer Monsoon Rainfall}},
    year = {2012},
    journal = {International Journal of Geophysics},
    author = {Browne, Nana A K and Sylla, Mouhamadou B.},
    pages = {1--17},
    volume = {2012},
    url = {http://www.hindawi.com/journals/ijge/2012/625831/},
    doi = {10.1155/2012/625831},
    issn = {1687-885X}
}

@article{Pal2007,
    title = {{Regional climate modeling for the developing world: The ICTP RegCM3 and RegCNET}},
    year = {2007},
    journal = {Bulletin of the American Meteorological Society},
    author = {Pal, Jeremy S. and Giorgi, Filippo and Bi, Xunqiang and Elguindi, Nellie and Solmon, Fabien and Gao, Xuejie and Rauscher, Sara A. and Francisco, Raquel and Zakey, Ashraf and Winter, Jonathan and Ashfaq, Moetasim and Syed, Faisal S. and Bell, Jason L. and Differbaugh, Noah S. and Karmacharya, Jagadish and Konari, Abourahamane and Martinez, Daniel and Da Rocha, Rosmeri P. and Sloan, Lisa C. and Steiner, Allison L.},
    pages = {1395--1409},
    volume = {88},
    isbn = {1520-0477},
    doi = {10.1175/BAMS-88-9-1395},
    issn = {00030007}
}

@article{Kotlarski2014,
    title = {{Regional climate modeling on European scales: a joint standard evaluation of the EURO-CORDEX RCM ensemble}},
    year = {2014},
    journal = {{\ldots} Model {\ldots}},
    author = {Kotlarski, S and Keuler, K and Christensen, OB and Schar, C},
    url = {http://www.geosci-model-dev-discuss.net/7/217/2014/gmdd-7-217-2014.html}
}

@article{Giorgi2006,
    title = {{Regional climate modeling: Status and perspectives}},
    year = {2006},
    journal = {Journal de Physique IV},
    author = {Giorgi, F.},
    pages = {101--118},
    volume = {139},
    isbn = {1155-4339},
    doi = {10.1051/jp4:2006139008},
    issn = {1155-4339}
}

@article{Laprise2008,
    title = {{Regional climate modelling}},
    year = {2008},
    journal = {Journal of Computational Physics},
    author = {Laprise, René},
    number = {7},
    month = {3},
    pages = {3641--3666},
    volume = {227},
    url = {http://linkinghub.elsevier.com/retrieve/pii/S0021999106005407},
    isbn = {0021-9991},
    doi = {10.1016/j.jcp.2006.10.024},
    issn = {00219991},
    keywords = {Climate change, Climate modelling, Numerical methods, Regional climate model}
}

@article{Haslinger2013,
    title = {{Regional climate modelling over complex terrain: An evaluation study of COSMO-CLM hindcast model runs for the Greater Alpine Region}},
    year = {2013},
    journal = {Climate Dynamics},
    author = {Haslinger, Klaus and Anders, Ivonne and Hofst{\"{a}}tter, Michael},
    pages = {511--529},
    volume = {40},
    doi = {10.1007/s00382-012-1452-7},
    issn = {09307575}
}

@article{Feser2011,
    title = {{Regional Climate Models Add Value to Global Model Data: A Review and Selected Examples}},
    year = {2011},
    journal = {Bulletin of the American Meteorological Society},
    author = {Feser, Frauke and Rockel, Burkhardt and von Storch, Hans and Winterfeldt, Jörg and Zahn, Matthias},
    number = {9},
    month = {9},
    pages = {1181--1192},
    volume = {92},
    url = {http://journals.ametsoc.org/doi/abs/10.1175/2011BAMS3061.1},
    doi = {10.1175/2011BAMS3061.1},
    issn = {0003-0007}
}

@article{Feser2011b,
    title = {{Regional Climate Models Add Value to Global Model Data: A Review and Selected Examples}},
    year = {2011},
    journal = {Bulletin of the American Meteorological Society},
    author = {Feser, Frauke and Rockel, Burkhardt and von Storch, Hans and Winterfeldt, Jörg and Zahn, Matthias},
    number = {9},
    month = {9},
    pages = {1181--1192},
    volume = {92},
    publisher = {American Meteorological Society},
    url = {http://journals.ametsoc.org/doi/abs/10.1175/2011BAMS3061.1 http://journals.ametsoc.org/doi/abs/10.1175/2011BAMS3061.1; http://www.hvonstorch.de/klima/pdf/BAMS-added-value-2011.pdf},
    doi = {10.1175/2011BAMS3061.1},
    issn = {0003-0007}
}

@misc{Giorgi2014,
    title = {{Regional Climatic Model RegCM User’s Guide}},
    year = {2014},
    author = {Giorgi, Filippo and Nellie, Elguindi and Cozzini, Stefano and Giuliani, Graziano}
}

@article{Maione2003,
    title = {{Regional estimation of synthetic design hydrographs}},
    year = {2003},
    journal = {International Journal of River Basin Management},
    author = {Maione, Ugo and Mignosa, Paolo and Tomirotti, Massimo},
    isbn = {1571-5124},
    doi = {10.1080/15715124.2003.9635202},
    issn = {18142060},
    keywords = {Flood duration frequency reduction curves, Regional estimation, Synthetic design hydrographs}
}

@article{Norbiato2007,
    title = {{Regional frequency analysis of extreme precipitation in the eastern Italian Alps and the August 29, 2003 flash flood}},
    year = {2007},
    journal = {Journal of Hydrology},
    author = {Norbiato, Daniele and Borga, Marco and Sangati, Marco and Zanon, Francesco},
    isbn = {0022-1694},
    doi = {10.1016/j.jhydrol.2007.07.009},
    issn = {00221694},
    keywords = {Extreme precipitation events, Flash flood, L-moments, Precipitation return time, Radar rainfall estimation}
}

@article{Norbiato2007a,
    title = {{Regional frequency analysis of extreme precipitation in the eastern Italian Alps and the August 29, 2003 flash flood}},
    year = {2007},
    journal = {Journal of Hydrology},
    author = {Norbiato, Daniele and Borga, Marco and Sangati, Marco and Zanon, Francesco},
    isbn = {0022-1694},
    doi = {10.1016/j.jhydrol.2007.07.009},
    issn = {00221694},
    keywords = {Extreme precipitation events, Flash flood, L-moments, Precipitation return time, Radar rainfall estimation}
}

@article{Francisco2006,
    title = {{Regional model simulation of summer rainfall over the Philippines: Effect of choice of driving fields and ocean flux schemes}},
    year = {2006},
    journal = {Theoretical and Applied Climatology},
    author = {Francisco, R. V. and Argete, J. and Giorgi, F. and Pal, J. and Bi, X. and Gutowski, W. J.},
    pages = {215--227},
    volume = {86},
    isbn = {0177-798X},
    doi = {10.1007/s00704-005-0216-2},
    issn = {0177798X}
}

@article{Kawazoe2013,
    title = {{Regional, Very Heavy Daily Precipitation in NARCCAP Simulations}},
    year = {2013},
    journal = {Journal of Hydrometeorology},
    author = {Kawazoe, Sho and Gutowski, William J.},
    number = {4},
    month = {8},
    pages = {1212--1227},
    volume = {14},
    url = {http://journals.ametsoc.org/doi/abs/10.1175/JHM-D-12-068.1},
    doi = {10.1175/JHM-D-12-068.1},
    issn = {1525-755X}
}

@article{Coppola2012,
    title = {{RegT-Band: A tropical band version of RegCM4}},
    year = {2012},
    journal = {Climate Research},
    author = {Coppola, E. and Giorgi, F. and Mariotti, L. and Bi, X.},
    pages = {115--133},
    volume = {52},
    doi = {10.3354/cr01078},
    issn = {0936577X},
    keywords = {ENSO response, Monsoon regions, Regional climate}
}

@inproceedings{Reed2002,
    title = {{Reinforcing flood-risk estimation}},
    year = {2002},
    booktitle = {Philosophical Transactions of the Royal Society A: Mathematical, Physical and Engineering Sciences},
    author = {Reed, Duncan W.},
    doi = {10.1098/rsta.2002.1005},
    issn = {1364503X},
    pmid = {12804255},
    keywords = {Consistency, Digital methods, Flood risk, Hydrological similarity, Pooled frequency analysis, Uncertainty}
}

@article{sasaki2008Relbetpreelepreclirepbynonregclimod,
    title = {{Relationship between precipitation and elevation in the present climate reproduced by the non-hydrostatic regional climate model}},
    year = {2008},
    journal = {SOLA},
    author = {Sasaki, Hidetaka and Kurihara, Kazuo},
    pages = {109--112},
    volume = {4},
    url = {http://jlc.jst.go.jp/JST.JSTAGE/sola/2008-028?from=Google}
}

@article{LHote2005,
    title = {{Relationship between precipitation phase and air temperature : comparison between the Bolivian Andes and the Swiss Alps}},
    year = {2005},
    journal = {Hydrological Sciences Journal},
    author = {L'H{\^{o}}te, Yann and Chevallier, Pierre and Coudrain, Anne and Lejeune, Yves and Etchevers, Pierre},
    pages = {989--997},
    volume = {50},
    doi = {10.1623/hysj.2005.50.6.989},
    issn = {0262-6667}
}

@article{Knutson2005,
    title = {{Reply}},
    year = {2005},
    journal = {Journal of Climate},
    author = {Knutson, Thomas R. and Tuleya, R E},
    pages = {5183--5188},
    volume = {18}
}

@article{Knutson2005b,
    title = {{Reply}},
    year = {2005},
    journal = {Journal of Climate},
    author = {Knutson, Thomas R and Tuleya, R E},
    pages = {5183--5188},
    volume = {18}
}

@article{Giorgi1997,
    title = {{REPRESENTATION IN EARTH EXPERIENCE SYSTEM FROM OF H ETEROGENEITY MODELING ' EFFECTS MODELING}},
    year = {1997},
    author = {Giorgi, Filippo and Avissar, Roni},
    number = {97},
    keywords = {http://dx.doi.org/10.1029/97RG01754, doi:10.1029/9}
}

@article{giorgi1997RepheteffearsysmodExplansurmod,
    title = {{Representation of heterogeneity effects in earth system modeling: Experience from land surface modeling}},
    year = {1997},
    journal = {Reviews of Geophysics},
    author = {Giorgi, Filippo and Avissar, Roni},
    number = {4},
    pages = {413--437},
    volume = {35},
    publisher = {Wiley Online Library},
    url = {http://onlinelibrary.wiley.com/doi/10.1029/97RG01754/full}
}

@article{Davidson2012,
    title = {{Representative concentration pathways and mitigation scenarios for nitrous oxide}},
    year = {2012},
    journal = {Environmental Research Letters},
    author = {Davidson, Eric A},
    number = {2},
    month = {6},
    pages = {024005},
    volume = {7},
    url = {http://stacks.iop.org/1748-9326/7/i=2/a=024005?key=crossref.d46cc0e9affa249e1693d7fd7a52248e},
    doi = {10.1088/1748-9326/7/2/024005},
    issn = {1748-9326}
}

@article{Finnis2007,
    title = {{Response of Northern Hemisphere extratropical cyclone activity and associated precipitation to climate change, as represented by the Community Climate System Model}},
    year = {2007},
    journal = {Journal of Geophysical Research},
    author = {Finnis, Joel and Holland, Marika M. and Serreze, Mark C. and Cassano, John J.},
    number = {G4},
    month = {11},
    pages = {G04S42},
    volume = {112},
    url = {http://doi.wiley.com/10.1029/2006JG000286},
    isbn = {0148-0227},
    doi = {10.1029/2006JG000286},
    issn = {0148-0227}
}

@misc{Thieken2016,
    title = {{Review of the flood risk management system in Germany after the major flood in 2013}},
    year = {2016},
    booktitle = {Ecology and Society},
    author = {Thieken, Annegret H. and Kienzler, Sarah and Kreibich, Heidi and Kuhlicke, Christian and Kunz, Michael and M{\"{u}}hr, Bernhard and M{\"{u}}ller, Meike and Otto, Antje and Petrow, Theresia and Pisi, Sebastian and Schr{\"{o}}ter, Kai},
    isbn = {1708-3087},
    doi = {10.5751/ES-08547-210251},
    issn = {17083087},
    keywords = {August 2002 flood, Central Europe, Floods directive, Governance, June 2013 flood, Risk management cycle}
}

@article{Weigel2010,
    title = {{Risks of Model Weighting in Multimodel Climate Projections}},
    year = {2010},
    journal = {Journal of Climate},
    author = {Weigel, Andreas P. and Knutti, Reto and Liniger, Mark A. and Appenzeller, Christof},
    number = {15},
    month = {8},
    pages = {4175--4191},
    volume = {23},
    url = {http://journals.ametsoc.org/doi/abs/10.1175/2010JCLI3594.1},
    doi = {10.1175/2010JCLI3594.1},
    issn = {0894-8755}
}

@article{fischer2013Robspaaggprocliext,
    title = {{Robust spatially aggregated projections of climate extremes}},
    year = {2013},
    journal = {Nature Climate Change},
    author = {Fischer, E M and Beyerle, Urs and Knutti, Reto},
    number = {12},
    pages = {1033--1038},
    volume = {3},
    publisher = {Nature Publishing Group},
    url = {http://www.nature.com/nclimate/journal/v3/n12/full/nclimate2051.html; https://www1.ethz.ch/iac/people/beyerleu/Papers/fischer_NCC_2013.pdf}
}

@article{Sinha2014,
    title = {{Role of the Himalayan Orography in Simulation of the Indian Summer Monsoon using RegCM3}},
    year = {2014},
    journal = {Pure and Applied Geophysics},
    author = {Sinha, P. and Mohanty, U. C. and Kar, S. C. and Kumari, S.},
    pages = {1385--1407},
    volume = {171},
    doi = {10.1007/s00024-013-0675-9},
    issn = {14209136},
    keywords = {Himalayan orography, Indian summer monsoon, RegCM, seasonal simulation}
}

@article{Riahi2007,
    title = {{Scenarios of long-term socio-economic and environmental development under climate stabilization}},
    year = {2007},
    journal = {Technological Forecasting and Social Change},
    author = {Riahi, Keywan and Gr{\"{u}}bler, Arnulf and Nakicenovic, Nebojsa},
    pages = {887--935},
    volume = {74},
    isbn = {0040-1625},
    doi = {10.1016/j.techfore.2006.05.026},
    issn = {00401625}
}

@article{Schaefer2008,
    title = {{Science and government. An Earth systems science agency.}},
    year = {2008},
    journal = {Science (New York, N.Y.)},
    author = {Schaefer, Mark and Baker, D James and Gibbons, John H and Groat, Charles G and Kennedy, Donald and Kennel, Charles F and Rejeski, David},
    pages = {44--45},
    volume = {321},
    isbn = {00368075 (ISSN)},
    doi = {10.1126/science.1160192},
    issn = {0036-8075},
    pmid = {18599760}
}

@article{Alexandru2009,
    title = {{Sensitivity study of regional climate model simulations to large-scale nudging parameters}},
    year = {2009},
    journal = {Monthly Weather},
    author = {Alexandru, A and De Elia, R and Laprise, R}
}

@article{Leduc2011,
    title = {{Sensitivity to domain size of mid-latitude summer simulations with a regional climate model}},
    year = {2011},
    journal = {Climate Dynamics},
    author = {Leduc, Martin and Laprise, René and Moretti-Poisson, Mathieu and Morin, Jean-Philippe},
    number = {1-2},
    month = {2},
    pages = {343--356},
    volume = {37},
    url = {http://link.springer.com/10.1007/s00382-011-1008-2},
    isbn = {0930-7575},
    doi = {10.1007/s00382-011-1008-2},
    issn = {0930-7575},
    keywords = {Big-Brother Experiment, Domain size, Regional climate model, Small-scale features}
}

@article{Kumar2011,
    title = {{Simulated projections for summer monsoon climate over India by a high-resolution regional climate model (PRECIS)}},
    year = {2011},
    journal = {Current Science},
    author = {Kumar, K Krishna and Patwardhan, S K and Kulkarni, a and Kamala, K and Rao, K Koteswara and Jones, R},
    pages = {313--326},
    volume = {101},
    keywords = {climate change, model, monsoon, regional climate, simulated projections}
}

@incollection{Altinsoy2012,
    title = {{Simulating the Climatology of Extreme Events for the Central Asia Domain Using the RegCM 4 . 0 Regional Climate Model}},
    year = {2012},
    booktitle = {Advances in Meteorology, Climatology and Atmospheric Physics},
    author = {Altinsoy, H and Ozturk, T and Turkes, M and Kurnaz, M L},
    pages = {365--370},
    isbn = {9783642291722},
    doi = {10.1007/978-3-642-29172-2}
}

@article{Jones1995,
    title = {{Simulation of climate change over europe using a nested regional-climate model. I: Assessment of control climate, including sensitivity to location of lateral boundaries}},
    year = {1995},
    journal = {Quarterly Journal of the Royal Meteorological Society},
    author = {Jones, R. G. and Murphy, J. M. and Noguer, M.},
    number = {526},
    month = {7},
    pages = {1413--1449},
    volume = {121},
    url = {http://doi.wiley.com/10.1002/qj.49712152610},
    isbn = {1477-870X},
    doi = {10.1002/qj.49712152610},
    issn = {00359009},
    keywords = {atmosphere-cean model european climate, nested models regional-climate simulation}
}

@article{Giorgi1990,
    title = {{Simulation of Regional Climate Using a Limited Area Model Nested in a General Circulation Model}},
    year = {1990},
    journal = {Journal of Climate},
    author = {Giorgi, Filippo},
    number = {9},
    month = {9},
    pages = {941--963},
    volume = {3},
    url = {http://journals.ametsoc.org/doi/abs/10.1175/1520-0442%281990%29003%3C0941%3ASORCUA%3E2.0.CO%3B2},
    isbn = {0894-8755},
    doi = {10.1175/1520-0442(1990)003<0941:SORCUA>2.0.CO;2},
    issn = {0894-8755}
}

@misc{Pal2000,
    title = {{Simulation of regional-scale water and energy budgets: Representation of subgrid cloud and precipitation processes within RegCM}},
    year = {2000},
    booktitle = {Journal of Geophysical Research},
    author = {Pal, Jeremy S. and Small, Eric E. and Eltahir, Elfatih A. B.},
    pages = {29579},
    volume = {105},
    isbn = {0148-0227},
    doi = {10.1029/2000JD900415},
    issn = {0148-0227}
}

@article{Ozturk2012,
    title = {{Simulation of temperature and precipitation climatology for the Central Asia CORDEX domain using RegCM 4.0}},
    year = {2012},
    journal = {Climate Research},
    author = {Ozturk, Tugba and Altinsoy, Hamza and Turkes, Murat and Kurnaz, M. Levent},
    pages = {63--76},
    volume = {52},
    doi = {10.3354/cr01082},
    issn = {0936577X},
    keywords = {CORDEX, Central Asia, Climate change and variability, Regional climate modeling, Temperature and precipitation climatology}
}

@article{Ratnam2009,
    title = {{Simulation of the Indian monsoon using the RegCM3-ROMS regional coupled model}},
    year = {2009},
    journal = {Climate Dynamics},
    author = {Ratnam, J. Venkata and Giorgi, Filippo and Kaginalkar, Akshara and Cozzini, Stefano},
    pages = {119--139},
    volume = {33},
    isbn = {0930-7575},
    doi = {10.1007/s00382-008-0433-3},
    issn = {09307575},
    keywords = {Coupled model, Indian monsoon, ROMS, RegCM3}
}

@article{Bao2013,
    title = {{Simulations of summer monsoon climate over East Asia with a Regional Climate Model (RegCM) using Tiedtke convective parameterization scheme (CPS)}},
    year = {2013},
    journal = {Atmospheric Research},
    author = {Bao, Yan},
    pages = {35--44},
    volume = {134},
    doi = {10.1016/j.atmosres.2013.06.009},
    issn = {01698095},
    keywords = {Convective parameterization scheme (CPS), East Asian Summer Monsoon (EASM), Tiedtke parameterization scheme}
}

@article{Cable2008,
    title = {{Soil Texture Drives Responses of Soil Respiration to Precipitation Pulses in the Sonoran Desert: Implications for Climate Change}},
    year = {2008},
    journal = {Ecosystems},
    author = {Cable, Jessica M. and Ogle, Kiona and Williams, David G. and Weltzin, Jake F. and Huxman, Travis E.},
    number = {6},
    month = {8},
    pages = {961--979},
    volume = {11},
    url = {http://link.springer.com/10.1007/s10021-008-9172-x},
    isbn = {1432-9840},
    doi = {10.1007/s10021-008-9172-x},
    issn = {1432-9840},
    keywords = {Climate change, Eragrostis lehmanniana, Heteropogon contortus, Hierarchical Bayesian, Precipitation change, Soil respiration model, Sonoran Desert}
}

@article{Wehner2010,
    title = {{Sources of uncertainty in the extreme value statistics of climate data}},
    year = {2010},
    journal = {Extremes},
    author = {Wehner, Michael},
    pages = {205--217},
    volume = {13},
    isbn = {1386-1999},
    doi = {10.1007/s10687-010-0105-7},
    issn = {13861999},
    keywords = {Climate models, Extreme temperature, Return value, Uncertainty}
}

@article{Mondini2012,
    title = {{Spatially explicit modelling of changes in soil organic C in agricultural soils in Italy, 2001-2100: Potential for compost amendment}},
    year = {2012},
    journal = {Agriculture, Ecosystems and Environment},
    author = {Mondini, C. and Coleman, K. and Whitmore, A. P.},
    pages = {24--32},
    volume = {153},
    isbn = {0167-8809},
    doi = {10.1016/j.agee.2012.02.020},
    issn = {01678809},
    keywords = {C sequestration, Climate change, Compost, Regional SOC modelling, RothC}
}

@inproceedings{Radu2008,
    title = {{Spectral nudging in a spectral regional climate model}},
    year = {2008},
    booktitle = {Tellus, Series A: Dynamic Meteorology and Oceanography},
    author = {Radu, Raluca and D{\'{e}}qu{\'{e}}, Michel and Somot, Samuel},
    pages = {898--910},
    volume = {60},
    doi = {10.1111/j.1600-0870.2008.00341.x},
    issn = {02806495}
}

@article{Omrani2012,
    title = {{Spectral nudging in regional climate modelling: How strongly should we nudge?}},
    year = {2012},
    journal = {Quarterly Journal of the Royal Meteorological Society},
    author = {Omrani, Hiba and Drobinski, Philippe and Dubos, Thomas},
    pages = {1808--1813},
    volume = {138},
    doi = {10.1002/qj.1894},
    issn = {00359009},
    keywords = {Downscaling, Large/small-scale errors, Potential vorticity, Uncertainties}
}

@article{Rummukainen2010,
    title = {{State-of-the-art with regional climate models}},
    year = {2010},
    journal = {Wiley Interdisciplinary Reviews-Climate Change},
    author = {Rummukainen, Markku},
    pages = {82--96},
    volume = {1},
    url = {http://onlinelibrary.wiley.com/doi/10.1002/wcc.8/full <Go to ISI>://000291733700009},
    isbn = {1757-7780},
    doi = {10.1002/wcc.008},
    keywords = {baltic sea, downscaling ability, east-asia, high-resolution, intercomparison project, internal variability, lateral boundary-conditions, limited-area model, ocean-atmosphere model, part ii}
}

@misc{Rummukainen2010a,
    title = {{State-of-the-art with regional climate models}},
    year = {2010},
    booktitle = {Wiley Interdisciplinary Reviews: Climate Change},
    author = {Rummukainen, Markku},
    pages = {82--96},
    volume = {1},
    isbn = {1757-7799},
    doi = {10.1002/wcc.8},
    issn = {17577799}
}

@misc{Taylor2001,
    title = {{Summarizing multiple aspects of model performance in a single diagram}},
    year = {2001},
    booktitle = {Journal of Geophysical Research},
    author = {Taylor, Karl E.},
    pages = {7183},
    volume = {106},
    isbn = {2156-2202},
    doi = {10.1029/2000JD900719},
    issn = {0148-0227}
}

@techreport{IPCCc,
    title = {{Summary for Policymakers Work Group 1}},
    year = {2014},
    author = {{IPCC WG1}}
}

@techreport{IPCCa,
    title = {{Summary for Policymakers Work Group 2}},
    year = {2014},
    author = {{IPCC WG2}},
    pages = {1--32},
    keywords = {adaptation, climate change impacts, vulnerability}
}

@techreport{IPCC,
    title = {{Summary for Policymakers Work Group 3}},
    year = {2014},
    author = {{IPCC WG3}},
    pages = {1--33}
}

@article{Oleson2013,
    title = {{Technical description of version 4.5 of the Community Land Model (CLM)}},
    year = {2013},
    journal = {NCAR Technical Note},
    author = {Oleson, Keith W and Lawrence, David M and Bonan, Gordon B and Drewniak, Beth and Huang, Maoyi and Koven, Charles and Levis, Samuel and Li, Fang and Riley, William and Subin, Zachary and Swenson, Sean and Thornton, Peter E and Bozbiyik, Anil and Fisher, Rosie and Heald, Colette and Kluzek, Erik and Lamarque, Jean-Francois and Lawrence, Peter and Leung, L and Lipscomb, William and Muszala, Stefan and Ricciuto, Daniel and Sacks, William and Sun, Ying and Tang, Jinyun and Yang, Zong Liang},
    number = {July},
    volume = {503+STR},
    url = {http://opensky.library.ucar.edu/collections/TECH-NOTE-000-000-000-870\npapers3://publication/doi/10.5065/D6RR1W7M},
    doi = {10.5065/D6RR1W7M}
}

@inproceedings{Brunetti2004a,
    title = {{Temperature, precipitation and extreme events during the last century in Italy}},
    year = {2004},
    booktitle = {Global and Planetary Change},
    author = {Brunetti, Michele and Buffoni, Letizia and Mangianti, Franca and Maugeri, Maurizio and Nanni, Teresa},
    isbn = {0921-8181},
    doi = {10.1016/S0921-8181(03)00104-8},
    issn = {09218181},
    arxivId = {physics/0211070},
    keywords = {Climatic secular series, Droughts, Extreme precipitation, Italy, Precipitation, Temperature}
}

@inproceedings{Brunetti2004b,
    title = {{Temperature, precipitation and extreme events during the last century in Italy}},
    year = {2004},
    booktitle = {Global and Planetary Change},
    author = {Brunetti, Michele and Buffoni, Letizia and Mangianti, Franca and Maugeri, Maurizio and Nanni, Teresa},
    isbn = {0921-8181},
    doi = {10.1016/S0921-8181(03)00104-8},
    issn = {09218181},
    arxivId = {physics/0211070},
    keywords = {Climatic secular series, Droughts, Extreme precipitation, Italy, Precipitation, Temperature}
}

@article{hofstra2009TesE-OEurhiggridatsetdaipresurtem,
    title = {{Testing E-OBS European high-resolution gridded data set of daily precipitation and surface temperature}},
    year = {2009},
    journal = {Journal of Geophysical Research: Atmospheres (1984--2012)},
    author = {Hofstra, Nynke and Haylock, Malcolm and New, Mark and Jones, Phil D},
    number = {D21},
    volume = {114},
    publisher = {Wiley Online Library},
    url = {http://onlinelibrary.wiley.com/doi/10.1029/2009JD011799/full}
}

@inproceedings{im2010addvaldyndowclichascesimcasstuEurAlpEasAsi,
    title = {{The added value of dynamical downscaling in a climate change scenario simulation: A case study for European Alps and East Asia}},
    year = {2010},
    booktitle = {EGU General Assembly Conference Abstracts},
    author = {Im, E S and Coppola, Erika and Giorgi, Filippo},
    pages = {4724},
    volume = {12}
}

@article{Isotta2014,
    title = {{The climate of daily precipitation in the Alps: development and analysis of a high-resolution grid dataset from pan-Alpine rain-gauge data}},
    year = {2014},
    journal = {International Journal of Climatology},
    author = {Isotta, Francesco a. and Frei, Christoph and Weilguni, Viktor and Per{\v{c}}ec Tadi{\'{c}}, Melita and Lass{\`{e}}gues, Pierre and Rudolf, Bruno and Pavan, Valentina and Cacciamani, Carlo and Antolini, Gabriele and Ratto, Sara M. and Munari, Michela and Micheletti, Stefano and Bonati, Veronica and Lussana, Cristian and Ronchi, Christian and Panettieri, Elvio and Marigo, Gianni and Verta{\v{c}}nik, Gregor},
    number = {5},
    month = {4},
    pages = {1657--1675},
    volume = {34},
    url = {http://doi.wiley.com/10.1002/joc.3794},
    doi = {10.1002/joc.3794},
    issn = {08998418},
    keywords = {accepted 2 july 2013, alpine climatology, alpine region, extreme events, mountain climate, received 4 april 2013, revised 27 june 2013, spatial analysis}
}

@article{Steiner2005,
    title = {{The coupling of the Common Land Model (CLM0) to a regional climate model (RegCM)}},
    year = {2005},
    journal = {Theoretical and Applied Climatology},
    author = {Steiner, Allison L. and Pal, Jeremy S. and Giorgi, Filippo and Dickinson, Robert E. and Chameides, William L.},
    pages = {225--243},
    volume = {82},
    isbn = {0177-798X},
    doi = {10.1007/s00704-005-0132-5},
    issn = {0177798X}
}

@article{Seth1998,
    title = {{The effects of domain choice on summer precipitation simulation and sensitivity in a regional climate model}},
    year = {1998},
    journal = {Journal of Climate},
    author = {Seth, Anji and Giorgi, Filippo},
    pages = {2698--2712},
    volume = {11},
    isbn = {0894-8755},
    doi = {10.1175/1520-0442(1998)011<2698:TEODCO>2.0.CO;2},
    issn = {08948755}
}

@article{Uppala2005,
    title = {{The ERA-40 re-analysis}},
    year = {2005},
    journal = {Quarterly Journal of the Royal Meteorological Society},
    author = {Uppala, S M and KÅllberg, P. W. and Simmons, A. J. and Andrae, U. and Bechtold, V. Da Costa and Fiorino, M. and Gibson, J. K. and Haseler, J. and Hernandez, A. and Kelly, G. A. and Li, X. and Onogi, K. and Saarinen, S. and Sokka, N. and Allan, R. P. and Andersson, E. and Arpe, K. and Balmaseda, M. A. and Beljaars, A. C. M. and Berg, L. Van De and Bidlot, J. and Bormann, N. and Caires, S. and Chevallier, F. and Dethof, A. and Dragosavac, M. and Fisher, M. and Fuentes, M. and Hagemann, S. and H{\'{o}}lm, E. and Hoskins, B. J. and Isaksen, L. and Janssen, P. A. E. M. and Jenne, R. and Mcnally, A. P. and Mahfouf, J.-F. and Morcrette, J.-J. and Rayner, N. A. and Saunders, R. W. and Simon, P. and Sterl, A. and Trenberth, K. E. and Untch, A. and Vasiljevic, D. and Viterbo, P. and Woollen, J.},
    number = {612},
    month = {10},
    pages = {2961--3012},
    volume = {131},
    url = {http://doi.wiley.com/10.1256/qj.04.176},
    isbn = {1477-870X},
    doi = {10.1256/qj.04.176},
    issn = {00359009}
}

@article{Uppala2005b,
    title = {{The ERA-40 re-analysis}},
    year = {2005},
    journal = {Quarterly Journal of the Royal Meteorological Society},
    author = {Uppala, S M and KÅllberg, P W and Simmons, A J and Andrae, U and Bechtold, V Da Costa and Fiorino, M and Gibson, J K and Haseler, J and Hernandez, A and Kelly, G A and Li, X and Onogi, K and Saarinen, S and Sokka, N and Allan, R P and Andersson, E and Arpe, K and Balmaseda, M A and Beljaars, A C M and Berg, L Van De and Bidlot, J and Bormann, N and Caires, S and Chevallier, F and Dethof, A and Dragosavac, M and Fisher, M and Fuentes, M and Hagemann, S and H{\'{o}}lm, E and Hoskins, B J and Isaksen, L and Janssen, P A E M and Jenne, R and Mcnally, A P and Mahfouf, J.-F. and Morcrette, J.-J. and Rayner, N A and Saunders, R W and Simon, P and Sterl, A and Trenberth, K E and Untch, A and Vasiljevic, D and Viterbo, P and Woollen, J},
    number = {612},
    month = {10},
    pages = {2961--3012},
    volume = {131},
    url = {http://doi.wiley.com/10.1256/qj.04.176},
    isbn = {1477-870X},
    doi = {10.1256/qj.04.176},
    issn = {00359009}
}

@article{Dee2011,
    title = {{The ERA-Interim reanalysis: configuration and performance of the data assimilation system}},
    year = {2011},
    journal = {Quarterly Journal of the Royal Meteorological Society},
    author = {Dee, D. P. and Uppala, S. M. and Simmons, A. J. and Berrisford, P. and Poli, P. and Kobayashi, S. and Andrae, U. and Balmaseda, M. A. and Balsamo, G. and Bauer, P. and Bechtold, P. and Beljaars, A. C M and van de Berg, L. and Bidlot, J. and Bormann, N. and Delsol, C. and Dragani, R. and Fuentes, M. and Geer, A. J. and Haimberger, L. and Healy, S. B. and Hersbach, H. and H{\'{o}}lm, E. V. and Isaksen, L. and K{\aa}llberg, P. and K{\"{o}}hler, M. and Matricardi, M. and McNally, A. P. and Monge-Sanz, B. M. and Morcrette, J.-J. and Park, B.-K. and Peubey, C. and de Rosnay, P. and Tavolato, C. and Th{\'{e}}paut, J.-N. and Vitart, F.},
    number = {656},
    month = {4},
    pages = {553--597},
    volume = {137},
    url = {http://doi.wiley.com/10.1002/qj.828},
    isbn = {1477-870X},
    doi = {10.1002/qj.828},
    issn = {00359009},
    keywords = {4D-Var, ERA-40, Forecast model, Hydrological cycle, Observations, Stratospheric circulation}
}

@article{Moore2015,
    title = {{The fingerprint of climate trends on European crop yields}},
    year = {2015},
    journal = {Proceedings of the National Academy of Sciences},
    author = {Moore, Frances C. and Lobell, David B.},
    pages = {201409606},
    url = {http://www.pnas.org/lookup/doi/10.1073/pnas.1409606112},
    isbn = {1409606112},
    doi = {10.1073/pnas.1409606112},
    issn = {0027-8424}
}

@misc{Zelli2011,
    title = {{The fragmentation of the global climate governance architecture}},
    year = {2011},
    booktitle = {Wiley Interdisciplinary Reviews: Climate Change},
    author = {Zelli, Fariborz},
    number = {2},
    month = {3},
    pages = {255--270},
    volume = {2},
    url = {http://doi.wiley.com/10.1002/wcc.104},
    isbn = {1757-7799},
    doi = {10.1002/wcc.104},
    issn = {17577799}
}

@article{Phillips1956,
    title = {{The general circulation of the atmosphere: A numerical experiment}},
    year = {1956},
    journal = {Quarterly Journal of the Royal Meteorological Society},
    author = {Phillips, Norman a.},
    number = {352},
    month = {4},
    pages = {123--164},
    volume = {82},
    url = {http://doi.wiley.com/10.1002/qj.49708235202},
    isbn = {1477-870X},
    doi = {10.1002/qj.49708235202},
    issn = {00359009}
}

@article{Mendelsohn2012,
    title = {{The impact of climate change on global tropical cyclone damage}},
    year = {2012},
    journal = {Nature Climate Change},
    author = {Mendelsohn, Robert and Emanuel, Kerry and Chonabayashi, Shun and Bakkensen, Laura},
    number = {3},
    month = {1},
    pages = {205--209},
    volume = {2},
    url = {http://www.nature.com/doifinder/10.1038/nclimate1357},
    isbn = {1758-678X},
    doi = {10.1038/nclimate1357},
    issn = {1758-678X}
}

@article{Lehner2005,
    title = {{The impact of global change on the hydropower potential of Europe: a model-based analysis}},
    year = {2005},
    journal = {Energy Policy},
    author = {Lehner, Bernhard and Czisch, Gregor and Vassolo, Sara},
    number = {7},
    month = {5},
    pages = {839--855},
    volume = {33},
    url = {http://linkinghub.elsevier.com/retrieve/pii/S0301421503003112},
    isbn = {1202293921},
    doi = {10.1016/j.enpol.2003.10.018},
    issn = {03014215},
    keywords = {Climate change, Europe, Global change, Hydropower}
}

@article{Arnell2016,
    title = {{The impacts of climate change on river flood risk at the global scale}},
    year = {2016},
    journal = {Climatic Change},
    author = {Arnell, Nigel W. and Gosling, Simon N.},
    isbn = {0165-0009},
    doi = {10.1007/s10584-014-1084-5},
    issn = {15731480}
}

@article{Nogherotto2012,
    title = {{The new microphysic cloud scheme implemented in RegCM4}},
    year = {2012},
    journal = {EGU General Assembly Conference Abstracts},
    author = {Nogherotto, R and Tompkins, A M and Giorgi, F and Coppola, E},
    pages = {8017},
    volume = {14}
}

@article{Moss2010,
    title = {{The next generation of scenarios for climate change research and assessment.}},
    year = {2010},
    journal = {Nature},
    author = {Moss, Richard H and Edmonds, Jae A and Hibbard, Kathy A and Manning, Martin R and Rose, Steven K and van Vuuren, Detlef P and Carter, Timothy R and Emori, Seita and Kainuma, Mikiko and Kram, Tom and Meehl, Gerald A and Mitchell, John F B and Nakicenovic, Nebojsa and Riahi, Keywan and Smith, Steven J and Stouffer, Ronald J and Thomson, Allison M and Weyant, John P and Wilbanks, Thomas J},
    number = {7282},
    month = {2},
    pages = {747--56},
    volume = {463},
    url = {http://dx.doi.org/10.1038/nature08823 http://www.ncbi.nlm.nih.gov/pubmed/20148028},
    doi = {10.1038/nature08823},
    issn = {1476-4687},
    pmid = {20148028},
    keywords = {Ecology, Ecology: trends, Global Warming, Global Warming: prevention {\&} control, Global Warming: statistics {\&} numerical data, Human Activities, Risk Assessment, Vehicle Emissions}
}

@misc{Auer1974,
    title = {{The Rain versus Snow Threshold Temperatures}},
    year = {1974},
    booktitle = {Weatherwise},
    author = {Auer, August H.},
    pages = {67--67},
    volume = {27},
    isbn = {0043-1672},
    doi = {10.1080/00431672.1974.9931684},
    issn = {0043-1672}
}

@article{Meinshausen2011,
    title = {{The RCP greenhouse gas concentrations and their extensions from 1765 to 2300}},
    year = {2011},
    journal = {Climatic Change},
    author = {Meinshausen, Malte and Smith, S. J. and Calvin, K. and Daniel, J. S. and Kainuma, M. L T and Lamarque, J-F. and Matsumoto, K. and Montzka, S. A. and Raper, S. C B and Riahi, K. and Thomson, A. and Velders, G. J M and Vuuren, D.P. P.},
    number = {1-2},
    month = {8},
    pages = {213--241},
    volume = {109},
    url = {http://link.springer.com/10.1007/s10584-011-0156-z},
    isbn = {0165-0009},
    doi = {10.1007/s10584-011-0156-z},
    issn = {0165-0009}
}

@article{VanVuuren2011,
    title = {{The representative concentration pathways: an overview}},
    year = {2011},
    journal = {Climatic Change},
    author = {Vuuren, Detlef P. and Edmonds, Jae and Kainuma, Mikiko and Riahi, Keywan and Thomson, Allison and Hibbard, Kathy and Hurtt, George C. and Kram, Tom and Krey, Volker and Lamarque, Jean-Francois and Masui, Toshihiko and Meinshausen, Malte and Nakicenovic, Nebojsa and Smith, Steven J. and Rose, Steven K.},
    number = {1-2},
    month = {8},
    pages = {5--31},
    volume = {109},
    url = {http://link.springer.com/10.1007/s10584-011-0148-z},
    isbn = {0165-0009},
    doi = {10.1007/s10584-011-0148-z},
    issn = {0165-0009},
    pmid = {19855318}
}

@article{Vautard2013,
    title = {{The simulation of European heat waves from an ensemble of regional climate models within the EURO-CORDEX project}},
    year = {2013},
    journal = {Climate Dynamics},
    author = {Vautard, Robert and Gobiet, Andreas and Jacob, Daniela and Belda, Michal and Colette, Augustin and D{\'{e}}qu{\'{e}}, Michel and Fern{\'{a}}ndez, Jesús and Garc{\'{i}}a-D{\'{i}}ez, Markel and Goergen, Klaus and G{\"{u}}ttler, Ivan and Halenka, Tomáš and Karacostas, Theodore and Katragkou, Eleni and Keuler, Klaus and Kotlarski, Sven and Mayer, Stephanie and van Meijgaard, Erik and Nikulin, Grigory and Patar{\v{c}}i{\'{c}}, Mirta and Scinocca, John and Sobolowski, Stefan and Suklitsch, Martin and Teichmann, Claas and Warrach-Sagi, Kirsten and Wulfmeyer, Volker and Yiou, Pascal},
    number = {9-10},
    month = {4},
    pages = {2555--2575},
    volume = {41},
    url = {http://link.springer.com/10.1007/s00382-013-1714-z},
    doi = {10.1007/s00382-013-1714-z},
    issn = {0930-7575},
    keywords = {Climate projection, EURO-CORDEX, Heat waves, Model evaluation, Regional climate modeling}
}

@article{Schar1999,
    title = {{The Soil–Precipitation Feedback: A Process Study with a Regional Climate Model}},
    year = {1999},
    journal = {Journal of Climate},
    author = {Sch{\"{a}}r, Christoph and L{\"{u}}thi, Daniel and Beyerle, Urs and Heise, Erdmann},
    number = {3},
    month = {3},
    pages = {722--741},
    volume = {12},
    url = {http://www.scopus.com/inward/record.url?eid=2-s2.0-0039613986&partnerID=40 http://journals.ametsoc.org/doi/abs/10.1175/1520-0442%281999%29012%3C0722%3ATSPFAP%3E2.0.CO%3B2},
    isbn = {08948755 (ISSN)},
    doi = {10.1175/1520-0442(1999)012<0722:TSPFAP>2.0.CO;2},
    issn = {0894-8755},
    keywords = {Climate change, Climatology, Evapotranspiration, Mathematical models, Moisture, Precipitation (meteorology), Regional climate model, Sensitivity analysis, Soil-precipitation feedback, Soils, climate modeling, feedback mechanism, precipitation (climatology), soil}
}

@misc{Kummerow2000,
    title = {{The Status of the Tropical Rainfall Measuring Mission (TRMM) after Two Years in Orbit}},
    year = {2000},
    booktitle = {Journal of Applied Meteorology},
    author = {Kummerow, C. and Simpson, J. and Thiele, O. and Barnes, W. and Chang, A. T. C. and Stocker, E. and Adler, R. F. and Hou, A. and Kakar, R. and Wentz, F. and Ashcroft, P. and Kozu, T. and Hong, Y. and Okamoto, K. and Iguchi, T. and Kuroiwa, H. and Im, E. and Haddad, Z. and Huffman, G. and Ferrier, B. and Olson, W. S. and Zipser, E. and Smith, E. A. and Wilheit, T. T. and North, G. and Krishnamurti, T. and Nakamura, K.},
    pages = {1965--1982},
    volume = {39},
    isbn = {0894-8763},
    doi = {10.1175/1520-0450(2001)040<1965:TSOTTR>2.0.CO;2},
    issn = {0894-8763}
}

@misc{Huffman2007,
    title = {{The TRMM Multisatellite Precipitation Analysis (TMPA): Quasi-Global, Multiyear, Combined-Sensor Precipitation Estimates at Fine Scales}},
    year = {2007},
    booktitle = {Journal of Hydrometeorology},
    author = {Huffman, George J. and Bolvin, David T. and Nelkin, Eric J. and Wolff, David B. and Adler, Robert F. and Gu, Guojun and Hong, Yang and Bowman, Kenneth P. and Stocker, Erich F.},
    pages = {38--55},
    volume = {8},
    isbn = {1525755X},
    doi = {10.1175/JHM560.1},
    issn = {1525-755X},
    pmid = {24183502}
}

@article{Tebaldi2007,
    title = {{The use of the multi-model ensemble in probabilistic climate projections.}},
    year = {2007},
    journal = {Philosophical transactions. Series A, Mathematical, physical, and engineering sciences},
    author = {Tebaldi, Claudia and Knutti, Reto},
    number = {1857},
    month = {8},
    pages = {2053--75},
    volume = {365},
    url = {http://www.ncbi.nlm.nih.gov/pubmed/17569654},
    isbn = {1364-503X},
    doi = {10.1098/rsta.2007.2076},
    issn = {1364-503X},
    pmid = {17569654}
}

@techreport{MunichRE,
    title = {{Topics 2000: Natural catastrophes – the current position}},
    author = {{Munich RE}}
}

@book{IPCC2008moss,
    title = {{Towards New Scenarios for Analysis of Emissions, Climate Change, Impacts and Response Strategies}},
    year = {2008},
    booktitle = {Change},
    author = {{IPCC}},
    editor = {Moss, Richard H},
    pages = {132},
    url = {http://www.osti.gov/energycitations/product.biblio.jsp?osti_id=940991},
    isbn = {9789291691241}
}

@article{KleinTank2003,
    title = {{Trends in Indices of daily temperature and precipitation extremes in Europe, 1946-99}},
    year = {2003},
    journal = {Journal of Climate},
    author = {Klein Tank, A. M G and K{\"{o}}nnen, G. P.},
    isbn = {0894-8755},
    doi = {10.1175/1520-0442(2003)016<3665:TIIODT>2.0.CO;2},
    issn = {08948755},
    pmid = {11396848}
}

@article{Schmidli2005,
    title = {{Trends of heavy precipitation and wet and dry spells in Switzerland during the 20th century}},
    year = {2005},
    journal = {International Journal of Climatology},
    author = {Schmidli, Jürg and Frei, Christoph},
    isbn = {0899-8418},
    doi = {10.1002/joc.1179},
    issn = {08998418},
    keywords = {Climate variation, Dry and wet spells, European Alps, Precipitation extremes, Switzerland, Trend analysis}
}

@article{Mauritsen2012,
    title = {{Tuning the climate of a global model}},
    year = {2012},
    journal = {Journal of Advances in Modeling Earth Systems},
    author = {Mauritsen, Thorsten and Stevens, Bjorn and Roeckner, Erich and Crueger, Traute and Esch, Monika and Giorgetta, Marco and Haak, Helmuth and Jungclaus, Johann and Klocke, Daniel and Matei, Daniela and Mikolajewicz, Uwe and Notz, Dirk and Pincus, Robert and Schmidt, Hauke and Tomassini, Lorenzo},
    number = {3},
    month = {3},
    pages = {n/a-n/a},
    volume = {4},
    url = {http://doi.wiley.com/10.1029/2012MS000154},
    isbn = {1942-2466},
    doi = {10.1029/2012MS000154},
    issn = {19422466}
}

@misc{Prudhomme2003,
    title = {{Uncertainty and climate change impact on the flood regime of small UK catchments}},
    year = {2003},
    booktitle = {Journal of Hydrology},
    author = {Prudhomme, Christel and Jakob, Dörte and Svensson, Cecilia},
    isbn = {0022-1694},
    doi = {10.1016/S0022-1694(03)00065-9},
    issn = {00221694},
    keywords = {Bootstrapping, Climate change impact, Confidence intervals, Flood frequency, Flood magnitude, Flood regime, GCMs, Natural variability, Resampling, Risk assessment, UK, Uncertainty}
}

@article{Klok2009,
    title = {{Updated and extended European dataset of daily climate observations}},
    year = {2009},
    journal = {International Journal of Climatology},
    author = {Klok, E. J. and Klein Tank, A. M G},
    pages = {1182--1191},
    volume = {29},
    isbn = {1097-0088},
    doi = {10.1002/joc.1779},
    issn = {08998418},
    keywords = {Climate extremes, Climate indices, Daily climate series, Dataset, Diurnal temperature range, Europe, Mediterranean, Observations}
}

@article{harris2014UpdhiggrimoncliobsCRUTS310Dat,
    title = {{Updated high-resolution grids of monthly climatic observations--the CRU TS3. 10 Dataset}},
    year = {2014},
    journal = {International Journal of Climatology},
    author = {Harris, I and Jones, P D and Osborn, T J and Lister, D H},
    number = {3},
    pages = {623--642},
    volume = {34},
    publisher = {Wiley Online Library},
    url = {http://onlinelibrary.wiley.com/doi/10.1002/joc.3711/full; http://climatemodeling.science.energy.gov/sites/default/files/highlights/original-article/joc3711.pdf}
}

@article{Bell2007,
    title = {{Use of a grid-based hydrological model and regional climate model outputs to assess changing flood risk}},
    year = {2007},
    journal = {International Journal of Climatology},
    author = {Bell, V. A. and Kay, A. L. and Jones, R. G. and Moore, R. J.},
    isbn = {0262194929},
    doi = {10.1002/joc.1539},
    issn = {08998418},
    pmid = {23739423},
    keywords = {Flood frequency, Rainfall-runoff model, Regional climate model}
}

@article{im2010ValhigregclimodAlpregeffsubtoplanuserep,
    title = {{Validation of a high-resolution regional climate model for the Alpine region and effects of a subgrid-scale topography and land use representation}},
    year = {2010},
    journal = {Journal of Climate},
    author = {Im, E S and Coppola, Erika and Giorgi, Filippo and Bi, X.},
    number = {7},
    month = {4},
    pages = {1854--1873},
    volume = {23},
    url = {http://journals.ametsoc.org/doi/abs/10.1175/2009JCLI3262.1},
    doi = {10.1175/2009JCLI3262.1},
    issn = {0894-8755}
}

@article{im2010ValhigregclimodAlpregeffsubtoplanuserepb,
    title = {{Validation of a High-Resolution Regional Climate Model for the Alpine Region and Effects of a Subgrid-Scale Topography and Land Use Representation}},
    year = {2010},
    journal = {Journal of Climate},
    author = {Im, E-S. and Coppola, Erika and Giorgi, Filippo and Bi, X.},
    number = {7},
    month = {4},
    pages = {1854--1873},
    volume = {23},
    url = {http://journals.ametsoc.org/doi/abs/10.1175/2009JCLI3262.1},
    doi = {10.1175/2009JCLI3262.1},
    issn = {0894-8755}
}

@article{Torma2011,
    title = {{Validation of a High-Resolution Version of the Regional Climate Model RegCM3 over the Carpathian Basin}},
    year = {2011},
    journal = {Journal of Hydrometeorology},
    author = {Torma, Csaba and Coppola, Erika and Giorgi, Filippo and Bartholy, Judit and Pongr{\'{a}}cz, Rita},
    number = {1},
    month = {2},
    pages = {84--100},
    volume = {12},
    url = {http://journals.ametsoc.org/doi/abs/10.1175/2010JHM1234.1},
    doi = {10.1175/2010JHM1234.1},
    issn = {1525-755X}
}

@misc{torma2011ValhigverregclimodRegoveCarBas,
    title = {{Validation of a High-Resolution Version of the Regional Climate Model RegCM3 over the Carpathian Basin}},
    year = {2011},
    booktitle = {Journal of Hydrometeorology},
    author = {Torma, Csaba and Coppola, Erika and Giorgi, Filippo and Bartholy, Judit and Pongr{\'{a}}cz, Rita},
    number = {1},
    month = {2},
    pages = {84--100},
    volume = {12},
    url = {http://journals.ametsoc.org/doi/abs/10.1175/2010JHM1234.1},
    doi = {10.1175/2010JHM1234.1},
    issn = {1525-755X}
}

@article{Szczypta2011,
    title = {{Verification of the new ECMWF ERA-Interim reanalysis over France}},
    year = {2011},
    journal = {Hydrology and Earth System Sciences},
    author = {Szczypta, C. and Calvet, J. C. and Albergel, C. and Balsamo, G. and Boussetta, S. and Carrer, D. and Lafont, S. and Meurey, C.},
    pages = {647--666},
    volume = {15},
    isbn = {1027-5606},
    doi = {10.5194/hess-15-647-2011},
    issn = {10275606}
}

@article{Lucas-Picher2012,
    title = {{Very high resolution regional climate model simulations over Greenland: Identifying added value}},
    year = {2012},
    journal = {Journal of Geophysical Research: Atmospheres (1984--2012)},
    author = {Lucas-Picher, Philippe and Wulff-Nielsen, Maria and Christensen, Jens H and A{\textbackslash}dhalgeirsd{\'{o}}ttir, Gu\dhfinna and Mottram, Ruth and Simonsen, Sebastian B},
    number = {D2},
    volume = {117},
    publisher = {Wiley Online Library},
    url = {http://onlinelibrary.wiley.com/doi/10.1029/2011JD016267/full}
}

@article{Christensen1998,
    title = {{Very High-Resolution Regional Climate Simulations over Scandinavia—Present Climate}},
    year = {1998},
    journal = {Journal of Climate},
    author = {Christensen, Ole B. and Christensen, Jens H and Machenhauer, Bennert and Botzet, Michael},
    number = {12},
    month = {12},
    pages = {3204--3229},
    volume = {11},
    url = {<Go to ISI>://000077751700008 http://journals.ametsoc.org/doi/abs/10.1175/1520-0442%281998%29011%3C3204%3AVHRRCS%3E2.0.CO%3B2},
    isbn = {0894-8755},
    doi = {10.1175/1520-0442(1998)011<3204:VHRRCS>2.0.CO;2},
    issn = {0894-8755},
    keywords = {EUROPE, MODEL, PRECIPITATION, VARIABILITY}
}

@article{Wang2014,
    title = {{Vulnerability of hydropower generation to climate change in China: Results based on Grey forecasting model}},
    year = {2014},
    journal = {Energy Policy},
    author = {Wang, Bing and Liang, Xiao-Jie and Zhang, Hao and Wang, Lu and Wei, Yi-Ming},
    month = {2},
    pages = {701--707},
    volume = {65},
    url = {http://linkinghub.elsevier.com/retrieve/pii/S0301421513010203},
    isbn = {0301-4215},
    doi = {10.1016/j.enpol.2013.10.002},
    issn = {03014215},
    keywords = {Climate change, Hydropower generation, Vulnerability}
}

@article{Niehorster2013,
    title = {{Warming of the Oceans and Implications for the (Re) insurance Industry}},
    year = {2013},
    author = {Nieh{\"{o}}rster, Falk and Aichinger, Markus and Murnane, Richard and Ranger, Nicola and Surminski, Svenja},
    pages = {38},
    url = {https://www.genevaassociation.org/media/616661/GA2013-Warming_of_the_Oceans.pdf}
}

@article{MunichRE2015,
    title = {{Weather catastrophes and climate change}},
    year = {2015},
    journal = {Münchener Rückversicherungs-Gesellschaft},
    author = {{Munich RE}},
    address = {München}
}

@article{Christensen2010,
    title = {{Weight assignment in regional climate models}},
    year = {2010},
    journal = {Climate Research},
    author = {Christensen, JH and Kjellstr{\"{o}}m, E and Giorgi, F and Lenderink, G and Rummukainen, M},
    number = {2-3},
    month = {12},
    pages = {179--194},
    volume = {44},
    url = {http://www.int-res.com/abstracts/cr/v44/n2-3/p179-194/},
    doi = {10.3354/cr00916},
    issn = {0936-577X}
}

@article{Raisanen2010,
    title = {{Weighting of model results for improving best estimates of climate change}},
    year = {2009},
    journal = {Climate Dynamics},
    author = {R{\"{a}}is{\"{a}}nen, Jouni and Ruokolainen, Leena and Ylh{\"{a}}isi, Jussi},
    number = {2-3},
    month = {9},
    pages = {407--422},
    volume = {35},
    url = {http://link.springer.com/10.1007/s00382-009-0659-8},
    doi = {10.1007/s00382-009-0659-8},
    issn = {0930-7575},
    keywords = {CMIP3, Climate change, Climate projection, Cross-validation, Temperature change, Weighting}
}

@article{Fantini2018AssessmentObservations,
    title = {{Assessment of multiple daily precipitation statistics in ERA-Interim driven Med-CORDEX and EURO-CORDEX experiments against high resolution observations}},
    year = {2018},
    journal = {Climate Dynamics},
    author = {Fantini, A. and Raffaele, F. and Torma, C. and Bacer, S. and Coppola, E. and Giorgi, F. and Ahrens, B. and Dubois, C. and Sanchez, E. and Verdecchia, M.},
    number = {3},
    volume = {51},
    doi = {10.1007/s00382-016-3453-4},
    issn = {14320894},
    keywords = {Daily precipitation, EURO-CORDEX, Extremes, Med-CORDEX, Model validation, Regional climate model}
}

@misc{SREX-All_FINAL.pdf,
    title = {{SREX-All{\_}FINAL.pdf}}
}

@misc{STARDEX_MR7_2005_section_6.pdf,
    title = {{STARDEX{\_}MR7{\_}2005{\_}section{\_}6.pdf}}
}

@article{Beniston2018TheChallenges,
    title = {{The European mountain cryosphere: A review of its current state, trends, and future challenges}},
    year = {2018},
    journal = {Cryosphere},
    author = {Beniston, M. and Farinotti, D. and Stoffel, M. and Andreassen, L.M. and Coppola, E. and Eckert, N. and Fantini, A. and Giacona, F. and Hauck, C. and Huss, M. and Huwald, H. and Lehning, M. and L{\'{o}}pez-Moreno, J.I. and Magnusson, J. and Marty, C. and Mor{\'{a}}n-Tej{\'{e}}da, E. and Morin, S. and Naaim, M. and Provenzale, A. and Rabatel, A. and Six, D. and St{\"{o}}tter, J. and Strasser, U. and Terzago, S. and Vincent, C.},
    number = {2},
    volume = {12},
    doi = {10.5194/tc-12-759-2018},
    issn = {19940424}
}